2490 3840
468 217 576 271 CARM.
587 217 626 270 ΙΠ
641 223 681 272 15.
699 222 731 270 16
1031 216 1104 280 ’277

188 377 220 447 l.
244 403 397 445 monvsau
420 404 543 444 nassau
567 405 594 443 n.
613 380 677 464 Aa]
718 384 842 443 Danaen
864 385 998 444 Acrisius
1021 386 1106 461 pater

97 494 164 533 cum
194 475 230 533 ob
257 475 381 550 pudoris
409 476 574 535 custodiam
601 475 703 533 ualida
731 476 761 532 et
786 475 903 532 munita
926 476 1003 532 turri
1026 474 1105 533 olau-

95 566 196 638 sisset,
224 583 328 624 uersus
353 566 384 622 in
408 584 513 623 aurum
536 563 671 640 luppiter
692 563 817 641 fingitur
838 564 974 623 uiolasse.
1021 562 1106 633 Quod

95 672 176 711 nunc
204 654 369 729 exemplum
398 654 436 711 ad
464 653 675 713 ostendendam
702 654 765 710 uim
793 655 860 711 auri
888 655 918 711 et
939 655 1106 730 potentiam

95 744 209 818 posuit,
237 761 296 818 quo
323 743 428 818 probet
455 745 487 800 in
514 742 569 801 hoc
595 744 779 818 conpositam
802 742 935 799 fabulam
958 741 993 799 de
1017 761 1106 801 aureo
1124 750 1159 799 '5

95 831 190 890 imbre
213 830 344 905 Danaes,
372 835 407 889 ut
432 833 651 890 monstraretur
678 831 753 888 nihil
780 848 840 889 non
867 849 952 908 posse
979 832 1107 907 pecunia

96 923 186 995 atque
210 939 282 979 auro
305 922 458 995 corrumpi
482 915 663 999 (Adanu
678 921 713 992 cf.
733 920 839 993 Porpb.

186 1007 265 1069 Ordo
294 1012 351 1067 est:
384 1027 475 1066 aenea
501 1010 592 1066 turris
620 1011 650 1067 et
676 1009 814 1067 robustae
841 1008 920 1068 fores
949 1011 978 1066 et
1005 1010 1106 1068 tristes

97 1098 235 1156 excubiae
258 1099 386 1174 uigilum
409 1116 516 1156 canum
539 1099 612 1156 satis
631 1099 800 1155 munierant
818 1097 964 1156 inclusam
982 1097 1106 1156 Danaen

97 1186 133 1244 ab
157 1188 310 1245 nocturnis
335 1186 487 1260 adulteris,
511 1188 537 1244 si
560 1205 618 1245 non
641 1185 777 1261 Iuppiter
800 1188 830 1244 et
847 1185 947 1244 Venus
970 1187 1106 1244 risissent
1126 1195 1159 1244 10

95 1274 245 1334 Acrisium
267 1275 412 1351 pauidum
436 1274 588 1334 custodem
611 1274 729 1332 abditae
748 1276 874 1351 uirginis
893 1293 1033 1334 conuerso
1052 1273 1106 1333 deo

95 1366 128 1423 in
151 1365 293 1439 pretium3
316 1365 380 1423 fore
403 1365 482 1422 enim
505 1366 604 1422 tutum
626 1365 683 1421 iter
702 1366 732 1422 et
749 1365 855 1439 patens
873 1363 1000 1422 subaudi
1019 1357 1107 1422 ‘scie-

96 1447 185 1511 bant'
209 1444 320 1533 (F‘oV

187 1533 220 1601 3.
244 1559 369 1599 mussas
389 1535 556 1618 namnum]
593 1541 756 1616 Epitheton
775 1541 956 1616 uigiliarum,
975 1559 1009 1599 eo
1028 1539 1107 1614 quod

96 1625 379 1708 m<a>estitudinem
402 1633 554 1707 generent,
578 1648 631 1688 seu
654 1629 776 1688 Danaae
799 1631 894 1688 tristis
918 1630 1031 1704 nuptiis
1053 1648 1107 1704 per
1124 1637 1158 1689 tt

97 1719 263 1778 custodiam
286 1719 438 1796 denegatis
462 1712 607 1798 (AFoV

185 1800 219 1868 4.
261 1825 431 1867 uoorvarus
459 1825 499 1864 aa
522 1802 710 1886 anvarnus]
756 1805 894 1867 Occultis.
941 1807 1006 1865 Hoc
1029 1808 1108 1864 enim

96 1900 212 2043 tffinpus
228 1899 354 2065 primini
377 1898 476 1972 aptius
500 1899 545 1955 est
568 1887 618 1976 (ef.
628 1888 757 1977 Porpb.)
793 1895 869 1956 Item
894 1887 995 1982 (isere.
1012 1913 1106 1969 acore.

163 1987 226 2045 538
249 2007 256 2043 ι

256 2092 302 2150 Ne
325 2092 463 2168 gregibus
486 2095 647 2150 nocturnus
671 2091 852 2167 obambulat,
1126 2100 1161 2148 20

98 2253 164 2293 cum
188 2238 217 2292 et
239 2253 292 2309 per
316 2234 394 2291 diem
416 2235 481 2309 lupi
503 2234 640 2292 insidiari
663 2236 868 2293 consueuerint
892 2225 1073 2314 (AF'bEV

187 2317 220 2382 6.
245 2322 393 2380 Pauidum
416 2314 494 2403 (V)]
533 2321 701 2379 Sollicitum
724 2324 754 2379 et
777 2324 896 2379 cautum
919 2324 1040 2397 propter
1062 2323 1107 2378 in-

97 2413 230 2469 iunctum
254 2412 311 2470 sibi
334 2411 465 2470 officium
489 2402 541 2490 (s‘
549 2411 576 2470 V

189 2494 220 2559 7.
257 2494 427 2578 amissam]
468 2499 550 2557 Idest
572 2499 736 2558 illusissent
760 2489 839 2578 (ΑΓ

187 2583 221 2648 8.
247 2605 404 2648 oonvnaso
423 2607 455 2645 in
473 2606 608 2647 Pabulum
626 2582 671 2666 n]
713 2587 790 2657 Quia
803 2587 938 2663 Iuppiter
956 2589 988 2645 in
1003 2606 1108 2645 aurum
1126 2597 1160 2646 25

99 2697 199 2737 uersus
236 2680 365 2754 pretium
397 2676 516 2735 uidetur
549 2677 639 2760 fuisse
671 2675 843 2734 concubitus
876 2667 1058 2756 (AFoEV
1074 2693 1108 2734 ea

98 2766 202 2840 Porpb.

187 2848 221 2915 9.
263 2873 367 2914 avavu
399 2873 459 2911 rna
490 2847 891 2930 promereamus]
938 2852 980 2910 Vt
1004 2844 1106 2933 (Vero.

97 2943 171 3002 Aen.
191 2944 237 3002 ΙΠ
257 2946 306 3003 56.
328 2935 398 3023 57):
475 2985 488 3016 ,

471 3029 547 3099 Quid
571 3051 629 3090 non
652 3031 793 3089 mortalia
815 3033 935 3106 pectora
959 3031 1039 3108 cogis
1125 3040 1160 3089 30

258 3121 333 3178 Auri
355 3140 439 3179 sacra
461 3119 575 3179 fames?
600 3113 710 3202 (ΑΓΕ

188 3314 202 3360 2
222 3311 298 3378 turre
317 3310 344 3361 A
453 3313 468 3360 5
488 3306 664 3375 conpositam
682 3306 720 3376 A]
741 3322 833 3374 comp:
853 3311 910 3360 cett.
1009 3311 1024 3357 7
1044 3323 1108 3359 con·

97 3379 191 3447 rumpi
209 3379 248 3449 A]
268 3377 407 3447 corrumpi
426 3385 482 3432 cett.
556 3382 572 3430 8
592 3377 658 3431 ordo
679 3377 732 3447 est]
752 3376 818 3430 ordo
832 3395 847 3430 r
861 3393 911 3429 om.
927 3397 953 3442 α,
973 3379 1071 3431 abscb

100 3456 132 3502 12
153 3468 181 3502 s·
201 3455 247 3517 yv*
259 3450 289 3501 sb
310 3450 337 3503 V
351 3449 472 3502 subaudi
490 3467 528 3518 rp
547 3448 599 3503 sub
618 3466 632 3504 c
651 3465 677 3519 s7
693 3469 712 3502 α
727 3450 801 3503 orob
900 3447 1039 3520 suadeant,
1049 3443 1116 3492 u'u

93 3521 229 3572 sciebatne
239 3522 296 3588 ch
369 3527 402 3574 14
413 3520 550 3578 excubias
561 3524 592 3578 A
667 3527 702 3576 io
713 3521 812 3575 danae
824 3520 853 3572 A
924 3519 966 3567 νὺ
974 3514 1079 3576 apum
1090 3507 1140 3564 Aa

84 3591 180 3653 aptum
200 3591 365 3662 rbEach
443 3601 477 3651 24
498 3596 594 3670 idest]
615 3613 671 3653 om.
690 3599 713 3650 Γ
790 3595 831 3646 ‘lb
848 3584 996 3657 predium
1009 3568 1121 3630 unffi
