2490 3840
477 152 585 208 CARM.
601 153 614 206 Ι
629 159 732 207 ’29-31
1046 155 1110 220 113

93 341 233 402 gramma
255 325 301 382 est
323 322 378 381 hoo
400 323 432 379 in
455 321 671 382 dedicationem
693 321 818 381 Veneris
842 323 993 398 scriptum,
1018 342 1108 399 quam

92 413 160 488 ipse
188 412 374 471 consecrarit.
431 408 544 470 Gnidus
571 410 641 470 urbs
669 409 773 470 Cariae
801 415 860 486 est,
892 411 1009 487 Paphos
1037 432 1109 472 uero

93 499 166 560 urbs
191 497 273 577 cipri
296 500 421 575 insulae,
444 503 570 576 utreque
589 498 735 559 Venerem
757 502 914 576 praecipue
938 502 1036 560 colens
1060 493 1110 582 (ex

92 581 226 670 Porpb..)
277 588 419 648 Precatur
446 607 530 666 ergo,
557 592 591 647 ut
618 588 741 648 desertis
768 589 853 648 uelut
879 591 1008 666 propriis
1037 590 1108 649 ciui·

92 677 210 738 tatibus
234 677 314 737 adsit
335 675 457 737 aedibus
480 679 666 737 consecratis.
707 678 856 737 Incertum
876 682 985 755 autem,
1008 681 1108 739 utrum
1146 694 1163 738 o

93 765 226 843 Glycera
248 767 344 825 amica
368 786 406 824 an
430 767 539 826 ancilla
562 768 603 825 sit
626 757 758 847 (APuV

187 847 222 915 3.
259 849 421 933 naconem]
463 854 615 930 Ornatam,
638 857 823 931 conpositam
846 847 926 935 (AF

187 937 222 1005 5.
259 961 409 1004 ammove
432 939 526 1022 avan]
568 943 683 1020 Cupido
707 936 785 1025 (ΑΓ
800 963 834 1003 ec
850 945 956 1019 Porplr.

186 1026 221 1093 5.
245 1026 280 1093 6.
304 1050 429 1091 sonvms
453 1051 586 1092 anama
610 1027 711 1112 nome]
734 1033 791 1091 Vel
814 1032 934 1108 liberae,
957 1033 1007 1091 uel
1029 1034 1109 1108 quod

92 1122 194 1181 nudae
217 1140 277 1181 non
300 1122 465 1199 cingantur.
501 1123 582 1180 Bene
606 1125 706 1180 autem
729 1122 825 1180 nudae
849 1126 880 1181 et
902 1123 1007 1182 solutis
1027 1124 1108 1183 zonis
1128 1136 1162 1184 10

94 1209 220 1271 Gratiae
247 1209 412 1288 finguntur,
442 1211 514 1286 quia
541 1211 703 1270 amicorum
726 1212 819 1269 animi
843 1212 934 1271 soluti
957 1230 1056 1270 secum
1077 1215 1109 1271 et

92 1299 169 1359 nudi
191 1317 254 1359 esse
277 1299 419 1358 deberent
441 1291 554 1379 (APV
569 1317 603 1358 ea
620 1300 724 1374 Porpl.
745 1304 856 1373 excepto
874 1301 957 1358 intio

186 1381 220 1449 7.
245 1381 279 1449 8.
321 1405 388 1447 ema
421 1407 459 1446 un
492 1406 642 1448 iuvenum
673 1383 922 1467 nnncvaivsova]
968 1388 1033 1448 Hoc
1063 1391 1108 1448 est

91 1479 193 1537 minus
222 1478 341 1554 elegans
368 1476 510 1536 quentas
538 1479 600 1536 sine
628 1480 798 1551 uenustate,
825 1478 881 1537 hoc
909 1480 955 1536 est
982 1479 1044 1536 sine
1068 1480 1106 1535 te.

95 1565 257 1626 Sciendum
279 1569 379 1624 tamen
402 1565 548 1624 Venerem
571 1585 630 1626 non
653 1570 771 1625 tantum
794 1566 979 1641 concubitus,
1003 1585 1107 1624 uerum
1128 1580 1159 1627 15

91 1657 187 1715 etiam
220 1656 352 1714 omnium
384 1656 600 1731 elegantiarum
633 1674 694 1714 esse
727 1655 878 1714 dominam
907 1648 955 1736 (cc
977 1647 1106 1736 Poma).

93 1744 189 1803 Aliud
214 1747 383 1803 esttamen
405 1745 556 1818 iuuentus,
584 1743 666 1802 aliud
689 1745 824 1819 iuuenta,
853 1743 936 1802 aliud
958 1745 1106 1804 iuuentus.

92 1833 238 1892 quentas
262 1834 369 1892 aetatis
392 1835 529 1909 putatur,
554 1834 677 1891 iuuenta
700 1834 798 1910 ipsum
821 1852 944 1907 numen,
967 1834 1106 1891 iuuentus

92 1921 304 1981 adulescentia.
350 1921 407 1980 Per
428 1922 607 1980 Mercurium
635 1941 705 1981 uero
733 1926 890 1998 quaestum
913 1923 980 1980 uult
1003 1923 1106 1998 accipi,

91 2015 250 2088 tamquam
268 2012 331 2070 sine
353 2013 510 2070 uenustate
533 2029 587 2070 nec
610 2012 725 2069 lucrum
748 2013 788 2070 sit
811 2003 943 2092 (AFuV
1124 2023 1160 2070 20

493 2415 612 2475 ¹GARM.
631 2417 646 2476 I
667 2419 705 2476 31

414 2573 470 2658 [An
493 2596 669 2636 Aronnmnn
693 2570 735 2657 (A
743 2572 785 2657 Β]

182 2721 312 2779 Metrum
341 2720 454 2780 duobus
481 2719 614 2779 uersibus
642 2719 809 2795 Alcaicum3
845 2720 951 2778 tertius
979 2719 1104 2778 dimeter

91 2811 273 2870 nouenarius
296 2809 450 2883 iambicus,
474 2813 596 2885 quartus
620 2808 793 2867 Pindaricus
817 2800 949 2888 (BPcV

186 2890 218 2959 l.
251 2916 325 2965 ovm
347 2916 528 2959 manicarum
550 2915 659 2957 nescir
681 2892 912 2976 monumen<u>J
953 2896 1103 2974 Apollinis
1123 2909 1156 2954 25

184 3109 198 3155 1
223 3103 320 3173 qnam]
340 3102 415 3172 quod
435 3104 499 3171 ch
588 3109 603 3156 2
624 3102 792 3156 consecrarit
809 3102 850 3172 A]
869 3105 1042 3156 consecraret
1060 3103 1108 3156 rl'

90 3177 333 3232 consecraneratoe
353 3177 553 3244 consecrarety
573 3176 780 3228 consecraretur
789 3191 826 3241 cp
879 3175 1067 3244 4precatnrA

92 3251 109 3298 6
127 3245 236 3316 glicera
254 3247 282 3299 A
363 3250 377 3297 ‘l
398 3262 481 3314 conp:
501 3247 527 3316 r]
547 3262 672 3313 compos:
691 3246 719 3299 A
733 3262 815 3313 obuy
893 3250 907 3295 9
926 3244 1021 3314 gracie
1040 3244 1067 3297 A

91 3316 181 3371 libere
200 3318 228 3370 A
337 3321 370 3369 10
388 3317 463 3370 nude
481 3319 509 3371 A
607 3317 682 3370 nude
701 3319 728 3371 A
838 3320 870 3367 12
890 3315 993 3368 debent
1011 3331 1068 3382 rep

94 3393 128 3441 14
146 3387 256 3457 eligans
274 3387 333 3455 Ay,
351 3394 419 3442 recte
436 3389 484 3441 rV
553 3393 585 3441 17
606 3387 678 3442 aliut
696 3389 724 3442 A
797 3391 830 3440 iu
850 3385 935 3441 unolz
956 3386 1020 3454 ,Assb
1030 3384 1115 3437 anob.

91 3459 193 3525 1³an
262 3459 389 3525 questum
405 3459 434 3518 A
509 3465 543 3514 22
563 3459 639 3517 adl.
661 3460 791 3533 apolline
813 3462 839 3517 B
859 3456 1053 3526 anappum
1070 3454 1101 3505 A

84 3533 119 3578 25
135 3525 268 3592 apollinis
282 3558 315 3566 -
325 3529 456 3602 precari]
472 3548 509 3587 ec:
528 3536 636 3606 Porpb.

120 3619 306 3663 fumonem
319 3633 429 3670 senonm
445 3642 473 3672 nr
487 3635 648 3681 Henna-mn.
933 3626 954 3674 g
