2490 3840
133 186 175 251 58
465 186 653 242 EXPOSITIO
672 187 712 243 IN
730 186 814 242 HOR.

223 347 376 414 33-36.
399 349 572 432 [Romulum
593 359 662 431 post
679 356 733 415 hos
752 347 838 437 (cp)]
862 353 941 416 Ordo
961 359 1017 414 est:
1041 356 1145 417 dubito

133 464 172 504 an
194 445 277 520 prius
299 461 459 502 memorem
477 447 544 520 post
562 445 615 503 bos
634 445 794 503 Romulum
812 464 851 502 an
869 446 1002 520 quietum
1021 464 1146 522 regnum

132 532 273 608 Pompilii
305 551 343 590 an
375 531 514 607 superbos
546 534 640 592 fasces
672 534 817 609 Tarquini
850 553 888 592 an
919 533 1018 594 nobile
1050 535 1146 593 letum

134 621 255 681 Catonis
279 614 308 703 (c
312 641 336 695 p
350 639 404 679 om.
418 615 506 700 AP']

97 721 114 770 t
223 703 282 770 33.
307 702 366 770 34.
403 708 564 778 *Quietum
596 709 737 786 Pompilii
767 730 892 788 regnum
924 702 991 792 (p)]
1033 710 1145 790 Magna

133 793 241 878 [enim]
263 818 322 875 pax
345 799 404 858 fuit
427 801 488 858 eius
511 799 694 875 temporibus
717 791 800 880 (Fac
804 817 829 873 p

221 888 391 963 *Superbos
414 889 507 947 fasces
531 879 617 968 (cp)]
648 887 711 946 Aut
733 887 846 948 nobiles
871 881 920 970 (cf.
935 880 1056 969 Porpb.)
1090 892 1143 948 aut

132 997 237 1037 reuera
259 977 400 1053 superbos
424 969 525 1058 (F'ce
528 995 552 1050 p

222 1059 281 1127 35.
313 1082 467 1125 surnanos
495 1082 641 1131 nasorum
667 1059 796 1144 nascas]
836 1064 885 1123 Ad
912 1066 969 1124 hoo
994 1065 1143 1126 Romanos

81 1167 114 1214 10
133 1154 220 1214 duces
245 1159 274 1214 et
295 1155 409 1225 nobiles
431 1154 646 1230 praetereundo
669 1158 892 1228 commemorat,
915 1158 950 1213 ut
973 1153 1144 1232 Augustum

133 1246 246 1303 eunctis
276 1244 433 1320 praeferat.
483 1243 563 1301 Nam
589 1243 733 1302 Romulus
760 1243 840 1302 urbis
868 1243 980 1303 Romae
1008 1244 1144 1304 conditor

134 1336 192 1407 est,
219 1333 318 1391 Numa
340 1332 506 1408 Pompilius
530 1351 548 1391 a
571 1330 696 1391 Curibus
720 1330 838 1391 Sabinis
867 1332 904 1392 ad
926 1352 1051 1410 regnum
1074 1352 1143 1394 euo-

133 1425 216 1480 catus
243 1439 394 1480 sacrorum
421 1422 567 1481 inuentor.
613 1421 793 1498 Tarquinius
817 1439 934 1497 quoque
955 1441 1007 1480 rex
1029 1423 1144 1482 uirtute

132 1528 271 1588 magnus,
302 1509 354 1569 sed
384 1510 433 1568 hic
464 1509 598 1568 Priscum
628 1511 741 1585 posuit,
773 1529 833 1570 non
855 1509 1041 1586 Superbum,
1072 1530 1144 1570 narn

80 1609 113 1658 15
133 1593 290 1675 ‘superbos
317 1593 428 1657 fasces'
455 1599 568 1657 nobiles
596 1598 678 1657 dixit.
726 1597 799 1660 Gato
823 1599 894 1657 dum
916 1603 1033 1659 mortuo
1056 1599 1142 1659 Pom·

132 1690 199 1765 peio
223 1687 302 1764 apud
324 1688 445 1746 Vticam
467 1686 659 1760 obsideretur,
683 1706 782 1747 amore
804 1687 952 1747 libertatis
975 1708 1066 1747 manu
1088 1706 1143 1747 sua

133 1795 196 1836 sese
218 1778 353 1853 peremit,
375 1775 453 1835 unde
477 1779 506 1835 et
519 1776 667 1835 Vticensis
690 1779 813 1835 uocatus
836 1780 887 1836 est.
925 1778 1056 1854 Regulus
1075 1795 1143 1835 cum

132 1866 221 1925 Ainos
244 1866 378 1940 uicisset,
408 1864 445 1923 ab
468 1865 583 1924 hisdem
606 1883 673 1923 cum
695 1866 798 1940 paucis
822 1858 926 1941 captus
950 1869 1002 1924 est.
1048 1863 1143 1933 Quem

133 1954 204 2012 dum
219 1952 476 2032 Carthaginienses
490 1954 616 2013 Romam
633 1972 687 2029 pro
706 1956 936 2013 commutatione
955 1956 1143 2030 captiuorum

78 2053 114 2102 20
132 2045 295 2117 misissent,
323 2042 545 2119 adquiescentes
572 2043 721 2102 Romanos
749 2061 801 2103 suo
830 2044 952 2103 oonsilio
979 2045 1141 2102 reuocauit.

132 2131 220 2190 Hunc
246 2131 351 2206 Poeni,
382 2131 453 2190 dum
485 2133 664 2190 sacramenti
695 2151 807 2191 memor
837 2133 1021 2207 reuertisset,
1053 2133 1141 2191 sectis

132 2220 282 2296 palpebris
310 2221 424 2298 uigiliis
446 2223 635 2280 necauerunt.
681 2219 791 2278 Paulus
815 2225 845 2280 et
867 2221 1022 2280 Terentius
1045 2221 1141 2280 Varro

133 2311 267 2369 consules
291 2310 448 2368 aduersum
465 2308 664 2368 Hannibalem
687 2310 865 2368 missisunt.
902 2309 955 2367 Hii
974 2313 1047 2385 aput
1066 2309 1140 2369 Oan—
1181 2383 1182 2386 Ἴ

132 2417 186 2457 nas
213 2397 342 2474 Apuliae
374 2399 474 2456 uicum
504 2417 571 2456 cum
598 2397 704 2476 grandi
732 2400 875 2457 exercitus
902 2399 1029 2457 Romani
1057 2398 1141 2458 clade

79 2497 114 2546 ‘25
134 2489 267 2563 superati
294 2490 370 2546 sunt.
417 2486 527 2545 Paulus
554 2490 750 2562 posteaquam
772 2490 889 2546 tantam
911 2488 987 2546 uitio
1011 2488 1141 2564 collegae

133 2593 254 2636 suorum
289 2576 367 2634 uidit
403 2580 547 2654 stragem,
583 2594 614 2635 se
649 2575 853 2653 perimendum
884 2575 1018 2634 hostibus
1051 2576 1140 2635 dedit.

132 2664 286 2723 Fabricius
305 2684 422 2740 quoque
440 2666 556 2742 magnis
574 2665 714 2740 praemiis
735 2683 838 2742 aroge
856 2663 950 2739 Pyrro
968 2668 1141 2740 temptatus

133 2753 204 2811 dum
231 2755 319 2811 nimis
345 2772 460 2829 pauper
482 2772 571 2812 censu
594 2756 683 2827 essct,
712 2754 860 2828 corrumpi
882 2771 942 2812 non
964 2755 1076 2829 potuit3
1105 2754 1141 2813 de

133 2861 191 2918 quo
214 2841 351 2900 Lucanus
375 2833 436 2922 (ΠΙ
456 2835 547 2922 160):

79 2977 113 3026 30
266 2964 329 3034 Quo
353 2970 383 3024 te
405 2965 559 3024 Fabricius
581 2967 645 3042 regi
667 2984 726 3024 non
749 2965 883 3023 uendidit
906 2964 998 3024 auro?

222 3203 341 3274 tanim]
362 3207 475 3258 om.Pc
552 3209 585 3257 14
604 3206 681 3273 sety
758 3209 792 3258 18
811 3204 920 3259 hisdem
938 3205 996 3277 Ar]
1016 3206 1141 3276 isdemp

132 3275 238 3330 eisdem
256 3291 337 3343 coep
354 3275 399 3328 his
418 3276 455 3328 df
465 3296 483 3328 α
538 3280 571 3328 19
587 3274 825 3346 carthaginienses
839 3276 877 3347 A]
893 3277 1112 3347 cartaginienses
1126 3294 1142 3331 r

132 3344 382 3414 kartaginiensese
400 3345 640 3416 kartaginensem
659 3347 960 3418 cartaginensesyacp
1016 3355 1049 3401 22
1060 3349 1140 3417 phal-

132 3416 246 3486 phebris
264 3418 292 3471 A
362 3417 482 3488 uigiliis]
502 3417 591 3488 uirgil
608 3419 636 3473 A
709 3423 743 3471 23
763 3418 861 3472 annib:
881 3440 899 3472 α
971 3419 1012 3472 hii
1030 3420 1090 3489 Ay]
1110 3419 1141 3472 hi

131 3505 232 3543 roevc
250 3488 271 3541 ii
277 3506 300 3558 p
353 3489 470 3559 aputA]
486 3490 562 3558 apud
576 3496 633 3545 cett.
692 3495 726 3543 25
742 3489 886 3559 collegoA
945 3490 1105 3560 27pirroA

133 3564 166 3613 28
186 3558 221 3613 dc
236 3592 269 3600 -
284 3576 352 3614 auro
367 3577 447 3615 omo
521 3565 554 3613 30
572 3561 633 3630 rogi
651 3563 718 3632 non]
738 3561 835 3630 reffl'no
854 3562 881 3615 A
899 3561 977 3630 regio
996 3583 1015 3614 α
