2490 3840
494 189 602 245 CARA
616 190 641 244 11
656 195 680 245 ὁ.
697 197 712 245 6

504 463 621 523 ΟΑΒΜ,
640 465 672 523 Π
692 468 709 525 6

186 625 314 666 uacuum
338 624 511 665 sneemovu
535 598 633 687 (ΑΓα

190 686 223 756 l.
247 713 370 754 saecun
394 713 495 755 anuas
519 714 547 753 u.
567 691 612 774 u]
646 695 824 773 Septimium
847 697 978 773 equitem
1001 697 1109 757 Roma-

95 804 180 859 num,
205 785 335 843 amicum
357 788 387 843 et
410 785 641 843 commilitonem
664 804 761 858 suum,
784 786 839 845 hac
863 785 917 845 ode
936 785 1110 862 alloquitur,

94 874 147 933 cui
173 891 205 932 se
229 876 315 932 tanta
337 873 452 951 gratiae
475 873 691 932 necessitudine
714 874 828 933 fatetur
851 873 1041 949 adstrictum,
1066 879 1110 949 ut,
1147 886 1164 934 5

95 963 123 1022 si
148 962 237 1036 uelit,
265 961 303 1021 ad
325 963 448 1021 ultimas
471 962 576 1021 mundi
599 965 733 1022 nationes
756 964 799 1022 ire
822 982 853 1022 se
876 982 945 1022 cum
968 981 1001 1023 eo
1024 982 1110 1040 posse

95 1051 266 1128 promittat.
303 1050 452 1110 Hortatur
474 1054 583 1125 tamen,
607 1055 642 1110 ut
664 1052 835 1129 gratissima
857 1052 913 1112 sibi
934 1053 1000 1112 loca
1018 1053 1111 1130 eligat

95 1139 219 1199 Tiburis
243 1143 274 1198 et
292 1140 424 1213 Tarenti,
447 1159 575 1215 quorum
596 1144 626 1199 et
645 1141 854 1200 amoenitatem
877 1141 983 1200 laudat
1001 1133 1080 1221 (AF
1086 1142 1114 1201 V

94 1245 173 1288 cons.
192 1229 298 1300 Porph.

187 1333 311 1375 saecun
343 1311 458 1394 onnus]
504 1317 623 1377 insulae
655 1320 725 1376 sunt
752 1317 915 1394 Hispaniae
942 1318 974 1375 in
1002 1317 1111 1378 ultima
1131 1330 1164 1377 10

94 1407 183 1483 pente
207 1404 316 1465 Oceani
341 1397 472 1486 (APuV

188 1487 223 1555 2.
265 1512 450 1553 cmunnuvu
477 1511 636 1554 muccuvu
663 1513 682 1551 1.
702 1513 728 1552 n,
748 1488 790 1572 u]
843 1492 920 1554 Gens
947 1495 1111 1571 Hispaniae

95 1585 162 1644 siue
196 1575 264 1663 (soc.
282 1576 401 1663 Porph)
431 1580 546 1642 Galliae
578 1583 705 1642 necdum
733 1602 751 1642 a
778 1583 919 1642 Romanis
947 1584 1042 1658 uicta,
1074 1585 1110 1643 de

95 1692 160 1749 qua
182 1670 322 1731 Lucanus
347 1665 404 1752 (VI
424 1673 496 1730 258.
517 1663 609 1751 259):

471 1778 528 1837 Vel
551 1779 576 1837 si
598 1778 654 1838 tibi
677 1780 762 1856 terga
785 1777 915 1838 dedisset
1130 1790 1164 1838 15

259 1865 414 1926 Cantaber.

94 1991 184 2050 Hanc
208 1991 366 2068 Augustus
389 1994 493 2068 postea
516 1992 672 2067 superauit
695 1982 826 2072 (AFuV

190 2072 224 2140 3.
262 2074 436 2158 seuuemo]
482 2079 679 2156 inhospitales
707 2083 829 2156 propter
850 2082 997 2138 incertum
1019 2081 1111 2140 maris

111 2166 204 2228 ΑΝ

94 2160 110 2250 (
188 2274 294 2316 navim
328 2251 475 2336 [eunucu]
517 2256 574 2315 Pro
597 2257 754 2331 Afn‘cana‚
778 2258 850 2332 quia
872 2261 1001 2332 utraque
1024 2256 1111 2315 Libia
1130 2269 1165 2316 20

95 2345 211 2405 dicitur
235 2338 411 2427 (Aerim.
429 2346 535 2418 Porph.

189 2427 223 2493 5.
265 2453 358 2494 sueva
380 2452 483 2493 naono
508 2431 547 2509 0.]
594 2434 675 2492 Idest
698 2453 716 2492 a
739 2432 858 2492 Graecis
881 2433 1047 2507 conditum,
1076 2438 1112 2493 ut

96 2515 204 2605 (Vera.
222 2521 297 2583 Aeo,
311 2523 371 2580 vu
390 2515 482 2604 euch

259 2628 376 2706 Argiua
396 2632 540 2688 iuuentus
565 2621 642 2709 (ΑΓ

191 2745 223 2814 7.
266 2770 314 2811 sm
336 2770 440 2813 nonve
463 2747 573 2831 nesso]
619 2751 742 2810 Modum
764 2751 852 2810 finem
876 2751 951 2810 dixit
974 2752 1110 2811 laborum
1130 2765 1164 2812 25

97 2835 190 2924 (cocos
213 2835 347 2922 Porph.),
383 2847 420 2901 ut
456 2841 558 2901 eadem
590 2842 677 2900 domo
708 2845 738 2899 et
770 2844 917 2900 senectam
949 2846 1051 2918 ageret
1082 2845 1112 2901 et

97 2933 196 2991 uitam
219 2931 319 2989 finiret
343 2923 421 3012 (AF
427 2932 455 2989 V

189 3013 224 3080 9.
261 3014 358 3098 uuna]
399 3019 427 3077 A
451 3038 519 3094 quo,
542 3018 620 3077 idest
643 3038 661 3078 a
683 3017 793 3076 Tibure
818 3011 930 3099 (APV

189 3205 351 3260 2safficum
367 3208 416 3275 Ay
436 3205 581 3275 saphicum
599 3223 637 3259 roc
710 3204 889 3258 bastrictum
902 3207 951 3259 rV
1018 3210 1111 3274 6pro-

96 3277 195 3332 mittat
208 3294 290 3347 posse
312 3278 371 3345 ch
443 3277 656 3330 8amcnitatem
670 3277 698 3330 A
771 3282 802 3329 17
817 3276 891 3329 hanc
906 3307 939 3314 —
954 3276 1110 3347 superauit]

97 3367 180 3406 ocur
254 3354 286 3403 18
305 3347 440 3401 barbarae
465 3349 503 3418 V]
522 3347 643 3400 barbara
662 3348 689 3400 A
760 3346 939 3415 inhospitalis
954 3348 982 3400 A
999 3347 1112 3400 inhabi-

97 3420 232 3474 tabilisr
303 3420 429 3490 propter]
447 3425 488 3488 'pr
503 3420 530 3472 A
602 3423 636 3472 20
655 3433 766 3489 semper
783 3419 811 3474 A
828 3419 910 3474 ouuv
981 3422 1128 3480 ‘thanus

95 3491 173 3543 idest
187 3507 205 3542 a
224 3493 249 3542 t:
266 3491 295 3543 A
298 3490 331 3559 γ]
346 3490 422 3544 idest
440 3507 457 3544 a
476 3507 533 3559 quo
554 3490 667 3548 scilicet
684 3494 713 3548 t:
733 3511 748 3548 c
777 3508 798 3547 a
816 3506 876 3562 uuo
894 3487 1015 3544 ec'ihioet
1029 3501 1052 3537 a
1066 3486 1100 3534 tx
1115 3482 1145 3532 V

84 3575 103 3610 a
123 3561 147 3610 t:
157 3575 191 3624 p,
211 3565 296 3613 totum
313 3562 394 3616 schol.
412 3580 463 3618 coz.
481 3582 498 3621 c
