2490 3840
350 184 470 240 SOHOL.
487 187 547 242 PV
560 184 600 239 IN
618 184 702 239 Hoc.
735 180 883 238 EPOD.17
1053 182 1118 248 453

198 355 344 430 Telephus
376 353 412 412 N.
442 346 519 435 (V)]
565 354 712 430 Telephus
748 371 799 411 rex
830 351 990 427 Mysorum.
1041 350 1120 412 Huic

110 441 215 503 Graeci
239 443 276 502 ad
299 444 420 502 Troiam
443 446 559 518 euntes,
586 445 728 518 putantes
752 460 800 500 eos
824 441 981 514 Troianos,
1008 439 1120 498 bollum

110 533 283 592 intulerunt.
330 532 476 609 Telephus
503 530 616 591 restitit
644 533 674 590 et
701 531 847 608 singulari
869 531 1030 589 certamine
1053 548 1121 588 cum

110 621 226 680 Achille
259 621 404 695 conflixit,
441 641 459 679 a
490 639 550 696 quo
582 623 612 678 et
643 621 816 678 uulneratus
849 623 901 678 est.
946 618 1017 694 Hic,
1054 637 1121 677 cum

108 713 213 786 postea
240 729 337 770 errore
366 712 484 786 cognito
510 711 543 767 in
571 709 734 768 amicitiam
756 708 914 782 redissent,
943 707 980 767 ab
1003 708 1120 766 Achille
1157 718 1173 767 ὁ

109 800 208 858 herbis
240 802 360 859 curatus
393 798 451 874 est,
487 817 614 873 quarum
645 798 800 856 scientiam
831 796 961 857 habebat
994 795 1120 856 Chirone

110 888 240 947 docente.
287 886 372 957 Quod
395 887 562 963 exemplum
583 886 650 944 ideo
673 887 759 962 ponit
781 885 938 961 Horatius,
968 889 1015 960 ut,
1043 887 1121 944 sicut

108 977 242 1036 Achilles
266 974 406 1051 Telepho,
429 977 474 1034 ita
496 976 524 1034 ei
547 973 673 1034 Canidia
695 975 831 1052 ignoscat
854 966 938 1055 (ch

196 1066 254 1125 Hic
286 1065 460 1123 uulneratus
492 1066 538 1122 est
564 1066 596 1122 in
622 1064 702 1122 bello
731 1063 767 1122 ab
795 1063 912 1122 Achille
940 1081 993 1121 nec
1020 1064 1121 1138 potuit
1223 1093 1226 1095 Δ

109 1156 207 1214 curari
235 1153 271 1212 ab
301 1153 403 1213 altero.
449 1151 576 1212 Graecos
604 1154 706 1211 euntes
734 1154 838 1212 contra
866 1153 1009 1217 Troianos
1037 1152 1174 1210 Tele-10

108 1243 185 1318 phus
207 1260 259 1300 rex
276 1242 428 1317 Mysorum
451 1261 511 1300 non
533 1243 663 1317 suscepit
682 1242 820 1317 hospitio.
857 1240 1036 1299 Vulnerauit
1054 1259 1122 1297 eum

109 1332 141 1388 in
164 1331 243 1388 bello
265 1329 405 1402 Achilles.
452 1330 492 1389 ut
515 1348 582 1388 cunr
605 1329 657 1388 diu
679 1350 739 1388 non
763 1332 924 1405 curaretur,
947 1346 1121 1404 responsum

109 1422 154 1478 est
177 1419 205 1477 ei
228 1418 264 1477 ab
288 1437 323 1478 eo
346 1437 431 1494 posse
454 1421 566 1494 curari,
594 1437 612 1477 a
635 1438 693 1494 quo
716 1420 815 1477 fuerat
837 1419 1018 1477 uulneratus.
1064 1416 1122 1491 Ita,

109 1509 221 1583 inquit,
253 1510 287 1565 tu
318 1527 382 1582 me,
413 1527 500 1583 quem
533 1507 673 1586 obligasti
699 1508 965 1585 inprecationibus,
997 1507 1121 1565 mutatis

111 1614 186 1656 sana
209 1597 388 1655 carminibus
413 1588 455 1677 (Γ
462 1597 490 1656 V
1142 1606 1175 1656 lo

200 1676 258 1745 ll.
297 1684 405 1744 Sensus
438 1688 496 1744 ost:
532 1688 563 1744 et
588 1685 747 1745 Hectorem
778 1686 839 1744 iam
871 1684 1023 1743 addictum
1051 1684 1122 1743 feris

109 1773 240 1833 reddidit
267 1773 399 1833 Achilles
431 1777 491 1833 suis
523 1773 739 1850 sepeliendum,
771 1776 930 1850 postquam
958 1794 975 1832 a
1003 1773 1122 1833 Priamo

109 1866 231 1941 rogatus
265 1865 317 1922 est.
363 1863 404 1921 Et
435 1866 469 1922 tu
501 1856 667 1942 [similiter]
699 1863 807 1941 mitiga
835 1882 906 1941 erga
932 1883 979 1922 me
1006 1864 1122 1922 iracun-
1222 1936 1224 1940 λ

110 1953 192 2010 diam
214 1955 299 2010 tuam
322 1943 401 2032 (PV

200 2033 257 2101 12.
280 2040 470 2100 Homicidam
483 2040 642 2102 Hectorem
656 2032 735 2121 (V)]
771 2041 829 2100 Pro
847 2043 912 2100 uiro
932 2041 1004 2099 forti
1022 2041 1123 2116 posuit
1141 2049 1176 2099 20

110 2121 212 2210 (chp
231 2147 265 2188 ex
287 2130 393 2202 Porpb.
412 2130 476 2188 sira.
491 2131 520 2186 Γ

197 2217 255 2276 Pro
275 2236 319 2293 eo,
337 2219 390 2293 qui
406 2218 561 2276 hominum
580 2219 669 2292 atque
687 2217 818 2276 hostium
832 2219 944 2277 occisor
957 2217 1016 2274 fuit
1031 2209 1127 2297 (ΓΜ7

198 2305 317 2364 Imitari
356 2306 454 2364 uoluit
489 2304 667 2364 Homerum:
709 2299 929 2364 ‘homicidam’
966 2324 1020 2380 pro
1056 2307 1122 2366 uiro

109 2394 190 2452 forti.
242 2391 352 2452 Graece
382 2395 461 2452 enim
488 2394 586 2452 uoluit
614 2393 709 2453 dicere
737 2395 824 2470 quasi
846 2396 979 2453 uirorum
1002 2395 1121 2452 occisor.

110 2479 220 2541 Graece
243 2483 322 2540 enim
345 2481 455 2542 dicitur
475 2482 662 2541 androfonos.
704 2482 812 2557 Licuit,
834 2484 942 2558 inquit,
965 2486 996 2541 et
1012 2482 1121 2541 Hecto·
1140 2493 1174 2542 25

108 2590 171 2628 rem
203 2571 342 2646 sepelire,
372 2572 533 2647 postquam
559 2570 691 2630 Achilles
719 2571 838 2631 Priamo
871 2571 1003 2648 supplice
1033 2571 1122 2630 decli·

110 2663 199 2718 natus
223 2662 268 2718 est
291 2654 387 2741 (rcV

201 2917 258 2985 15.
278 2919 422 3005 *(Heu>]
459 2925 523 2985 Aut
541 2925 580 2984 ad
599 2927 731 2985 animum
750 2926 931 3003 procidentis
950 2927 1052 3002 posuit
1070 2928 1123 2985 aut

199 3135 232 3183 13
252 3130 278 3184 ei
292 3131 352 3202 rV]
368 3146 445 3200 ocay
516 3147 599 3200 posse
619 3131 657 3202 V]
672 3130 754 3184 illum
767 3148 849 3201 posse
863 3149 878 3186 r
897 3148 961 3186 eum
974 3147 1056 3201 posse
1071 3152 1086 3200 γ

74 3268 75 3271 ¹
108 3201 202 3255 fuerat
220 3202 259 3272 Γ]
279 3201 366 3255 fuerit
386 3203 412 3256 V
517 3208 550 3256 14
569 3203 788 3273 impactionibus
809 3204 835 3258 V
939 3208 972 3256 18
991 3202 1124 3256 similiter

108 3290 132 3338 r,
146 3289 196 3326 om.
212 3273 262 3342 yV
366 3278 399 3327 20
418 3272 590 3327 homicidam
610 3275 692 3329 etiam
710 3275 726 3328 b
745 3275 776 3328 ia
795 3275 916 3328 kmmate
1022 3290 1073 3343 pro
1089 3305 1122 3313 -

108 3344 215 3415 posuit]
235 3343 329 3396 uirum
346 3343 448 3398 fortem
466 3348 493 3399 Γ
564 3350 597 3398 22
616 3345 665 3413 qui
684 3345 744 3416 bV]
764 3345 840 3413 quod
854 3349 881 3398 Γ
950 3350 983 3399 23
1002 3344 1121 3415 imitari]

109 3415 139 3467 in
157 3432 212 3483 quo
231 3415 339 3468 imituri
358 3417 374 3470 b
464 3422 498 3470 24
517 3416 598 3485 quasi
616 3416 691 3487 ΓΠ
709 3416 810 3485 quiab
901 3422 938 3468 ‘lc
955 3416 1134 3467 andrasum

99 3485 352 3610 Ibfflbapdppforos
369 3490 398 3541 Γ
502 3484 588 3544 licuit
611 3487 712 3560 inquit
733 3489 765 3542 et
782 3488 831 3559 Pl
838 3486 894 3539 ius
912 3487 952 3536 ut
963 3481 1074 3543 inruont
1086 3476 1157 3525 Μ

111 3557 170 3608 roni
276 3575 295 3624 p
318 3560 345 3614 V
