<?xml version="1.0" encoding="UTF-8"?>
<!DOCTYPE html PUBLIC "-//W3C//DTD XHTML 1.0 Transitional//EN"
    "http://www.w3.org/TR/xhtml1/DTD/xhtml1-transitional.dtd">
<html xmlns="http://www.w3.org/1999/xhtml" xml:lang="en" lang="en">
 <head>
  <title>
</title>
<meta http-equiv="Content-Type" content="text/html;charset=utf-8" />
  <meta name='ocr-system' content='tesseract 3.04.00' />
  <meta name='ocr-capabilities' content='ocr_page ocr_carea ocr_par ocr_line ocrx_word'/>
</head>
<body>
  <div class='ocr_page' id='page_1' title='image "./pseudacronissch00kellgoog/pseudacronissch00kellgoog_0421.png"; bbox 0 0 2490 3840; ppageno 0'>
   <div class='ocr_carea' id='block_1_1' title="bbox 136 169 819 236">
    <p class='ocr_par' dir='ltr' id='par_1_1' title="bbox 136 169 819 236">
     <span class='ocr_line' id='line_1_1' title="bbox 136 169 819 236; baseline 0 -12"><span class='ocrx_word' id='word_1_1' title='bbox 136 171 203 236; x_wconf 87' lang='lat'>400</span> <span class='ocrx_word' id='word_1_2' title='bbox 469 169 659 226; x_wconf 79' lang='lat' dir='ltr'>EXPOSITIO</span> <span class='ocrx_word' id='word_1_3' title='bbox 677 170 717 224; x_wconf 87' lang='lat' dir='ltr'>IN</span> <span class='ocrx_word' id='word_1_4' title='bbox 735 169 819 225; x_wconf 85' lang='lat' dir='ltr'><strong>HOR.</strong></span> 
     </span>
    </p>
   </div>
   <div class='ocr_carea' id='block_1_2' title="bbox 102 333 1147 1042">
    <p class='ocr_par' dir='ltr' id='par_1_2' title="bbox 102 333 1147 1042">
     <span class='ocr_line' id='line_1_2' title="bbox 156 333 1146 418; baseline 0.002 -21"><span class='ocrx_word' id='word_1_5' title='bbox 156 337 160 342; x_wconf 65' lang='grc'><strong>”</strong></span> <span class='ocrx_word' id='word_1_6' title='bbox 225 333 381 399; x_wconf 73' lang='lat' dir='ltr'>“Nardo&#39;</span> <span class='ocrx_word' id='word_1_7' title='bbox 405 343 594 416; x_wconf 79' lang='lat' dir='ltr'>unguentum</span> <span class='ocrx_word' id='word_1_8' title='bbox 618 341 733 416; x_wconf 83' lang='lat' dir='ltr'>generis</span> <span class='ocrx_word' id='word_1_9' title='bbox 755 341 865 414; x_wconf 87' lang='lat' dir='ltr'>neutri,</span> <span class='ocrx_word' id='word_1_10' title='bbox 888 338 1015 398; x_wconf 89' lang='lat' dir='ltr'>herbam</span> <span class='ocrx_word' id='word_1_11' title='bbox 1038 341 1146 418; x_wconf 86' lang='lat' dir='ltr'>generis</span> 
     </span>
     <span class='ocr_line' id='line_1_3' title="bbox 137 426 1147 505; baseline 0.001 -18"><span class='ocrx_word' id='word_1_12' title='bbox 137 430 273 488; x_wconf 90' lang='lat' dir='ltr'>feminini</span> <span class='ocrx_word' id='word_1_13' title='bbox 299 426 571 505; x_wconf 78' lang='lat' dir='ltr'><strong>comprobabimus,</strong></span> <span class='ocrx_word' id='word_1_14' title='bbox 599 428 670 487; x_wconf 91' lang='lat' dir='ltr'>licet</span> <span class='ocrx_word' id='word_1_15' title='bbox 692 447 711 488; x_wconf 84' lang='lat' dir='ltr'>a</span> <span class='ocrx_word' id='word_1_16' title='bbox 732 429 829 505; x_wconf 86' lang='lat' dir='ltr'>poetis</span> <span class='ocrx_word' id='word_1_17' title='bbox 857 428 919 487; x_wconf 85' lang='lat' dir='ltr'>siut</span> <span class='ocrx_word' id='word_1_18' title='bbox 945 430 1008 488; x_wconf 87' lang='lat' dir='ltr'>ista</span> <span class='ocrx_word' id='word_1_19' title='bbox 1036 432 1147 488; x_wconf 79' lang='lat' dir='ltr'>mutata</span> 
     </span>
     <span class='ocr_line' id='line_1_4' title="bbox 151 518 290 577; baseline 0.014 -2"><span class='ocrx_word' id='word_1_20' title='bbox 151 520 181 575; x_wconf 92' lang='grc' dir='ltr'>Γ</span> <span class='ocrx_word' id='word_1_21' title='bbox 193 518 290 577; x_wconf 71' lang='lat' dir='ltr'>siml}</span> 
     </span>
     <span class='ocr_line' id='line_1_5' title="bbox 138 511 1146 683; baseline -0.001 -19"><span class='ocrx_word' id='word_1_22' title='bbox 138 511 150 598; x_wconf 80' lang='lat'>(</span> <span class='ocrx_word' id='word_1_23' title='bbox 227 598 286 666; x_wconf 85' lang='grc'>61.</span> <span class='ocrx_word' id='word_1_24' title='bbox 328 624 402 671; x_wconf 80' lang='lat' dir='ltr'>evm</span> <span class='ocrx_word' id='word_1_25' title='bbox 429 622 557 663; x_wconf 79' lang='lat' dir='ltr'>accuur</span> <span class='ocrx_word' id='word_1_26' title='bbox 586 622 612 664; x_wconf 90' lang='lat' dir='ltr'>c.</span> <span class='ocrx_word' id='word_1_27' title='bbox 631 599 676 682; x_wconf 79' lang='lat' dir='ltr'>u]</span> <span class='ocrx_word' id='word_1_28' title='bbox 721 604 850 665; x_wconf 78' lang='lat' dir='ltr'>Miratur</span> <span class='ocrx_word' id='word_1_29' title='bbox 876 624 931 665; x_wconf 91' lang='lat' dir='ltr'>cur</span> <span class='ocrx_word' id='word_1_30' title='bbox 953 607 986 663; x_wconf 91' lang='lat' dir='ltr'>in</span> <span class='ocrx_word' id='word_1_31' title='bbox 1010 604 1146 683; x_wconf 87' lang='lat' dir='ltr'>capiendo</span> 
     </span>
     <span class='ocr_line' id='line_1_6' title="bbox 102 693 1147 771; baseline 0.003 -20"><span class='ocrx_word' id='word_1_32' title='bbox 102 694 217 762; x_wconf 76' lang='lat' dir='ltr'>5Varo</span> <span class='ocrx_word' id='word_1_33' title='bbox 248 712 350 771; x_wconf 85' lang='lat' dir='ltr'>preces</span> <span class='ocrx_word' id='word_1_34' title='bbox 382 711 454 754; x_wconf 86' lang='lat' dir='ltr'>suae</span> <span class='ocrx_word' id='word_1_35' title='bbox 482 693 598 753; x_wconf 86' lang='lat' dir='ltr'>tardius</span> <span class='ocrx_word' id='word_1_36' title='bbox 626 693 791 753; x_wconf 76' lang='lat' dir='ltr'>audiantur</span> <span class='ocrx_word' id='word_1_37' title='bbox 817 697 847 753; x_wconf 93' lang='lat' dir='ltr'>et</span> <span class='ocrx_word' id='word_1_38' title='bbox 875 697 930 753; x_wconf 91' lang='lat' dir='ltr'>aut</span> <span class='ocrx_word' id='word_1_39' title='bbox 958 713 989 754; x_wconf 88' lang='lat' dir='ltr'>se</span> <span class='ocrx_word' id='word_1_40' title='bbox 1018 695 1147 754; x_wconf 80' lang='lat' dir='ltr'>Medeam</span> 
     </span>
     <span class='ocr_line' id='line_1_7' title="bbox 136 781 1147 860; baseline 0.002 -20"><span class='ocrx_word' id='word_1_41' title='bbox 136 784 223 859; x_wconf 90' lang='lat' dir='ltr'>ponit</span> <span class='ocrx_word' id='word_1_42' title='bbox 253 801 308 859; x_wconf 90' lang='lat' dir='ltr'>pro</span> <span class='ocrx_word' id='word_1_43' title='bbox 339 783 521 860; x_wconf 79' lang='lat' dir='ltr'>perfectione</span> <span class='ocrx_word' id='word_1_44' title='bbox 553 784 626 842; x_wconf 78' lang='lat' dir='ltr'>artis</span> <span class='ocrx_word' id='word_1_45' title='bbox 659 785 714 843; x_wconf 89' lang='lat' dir='ltr'>aut</span> <span class='ocrx_word' id='word_1_46' title='bbox 742 781 878 842; x_wconf 78' lang='lat' dir='ltr'>Medeam</span> <span class='ocrx_word' id='word_1_47' title='bbox 909 783 977 842; x_wconf 91' lang='lat' dir='ltr'>ideo</span> <span class='ocrx_word' id='word_1_48' title='bbox 1010 785 1147 856; x_wconf 88' lang='lat' dir='ltr'>nominat,</span> 
     </span>
     <span class='ocr_line' id='line_1_8' title="bbox 137 865 1049 951; baseline 0.002 -21"><span class='ocrx_word' id='word_1_49' title='bbox 137 876 294 947; x_wconf 88' lang='lat' dir='ltr'>tamquam</span> <span class='ocrx_word' id='word_1_50' title='bbox 317 890 395 947; x_wconf 89' lang='lat' dir='ltr'>quae</span> <span class='ocrx_word' id='word_1_51' title='bbox 416 873 568 931; x_wconf 89' lang='lat' dir='ltr'>inuenerit</span> <span class='ocrx_word' id='word_1_52' title='bbox 590 874 621 932; x_wconf 87' lang='lat' dir='ltr'>et</span> <span class='ocrx_word' id='word_1_53' title='bbox 644 870 779 930; x_wconf 87' lang='lat' dir='ltr'>docuerit</span> <span class='ocrx_word' id='word_1_54' title='bbox 801 889 920 931; x_wconf 85' lang='lat' dir='ltr'>sacrum</span> <span class='ocrx_word' id='word_1_55' title='bbox 943 865 1049 951; x_wconf 81' lang='lat' dir='ltr'>(AvV</span> 
     </span>
     <span class='ocr_line' id='line_1_9' title="bbox 228 951 1049 1042; baseline 0.001 -23"><span class='ocrx_word' id='word_1_56' title='bbox 228 952 287 1021; x_wconf 79' lang='grc'>63.</span> <span class='ocrx_word' id='word_1_57' title='bbox 324 954 476 1039; x_wconf 77' lang='lat' dir='ltr'>svrnaua]</span> <span class='ocrx_word' id='word_1_58' title='bbox 517 959 625 1020; x_wconf 85' lang='lat' dir='ltr'>Potens</span> <span class='ocrx_word' id='word_1_59' title='bbox 649 954 700 1038; x_wconf 88' lang='lat' dir='ltr'>[ut</span> <span class='ocrx_word' id='word_1_60' title='bbox 722 951 826 1040; x_wconf 70' lang='lat' dir='ltr'>(Vera.</span> <span class='ocrx_word' id='word_1_61' title='bbox 844 957 920 1020; x_wconf 82' lang='lat' dir='ltr'>Aen.</span> <span class='ocrx_word' id='word_1_62' title='bbox 939 960 955 1019; x_wconf 98' lang='lat' dir='ltr'>I</span> <span class='ocrx_word' id='word_1_63' title='bbox 975 953 1049 1042; x_wconf 82' lang='lat'>21)=</span> 
     </span>
    </p>
   </div>
   <div class='ocr_carea' id='block_1_3' title="bbox 249 1077 1152 1166">
    <p class='ocr_par' dir='ltr' id='par_1_3' title="bbox 249 1077 1152 1166">
     <span class='ocr_line' id='line_1_10' title="bbox 249 1077 1152 1166; baseline 0 -23"><span class='ocrx_word' id='word_1_64' title='bbox 249 1083 328 1143; x_wconf 89' lang='lat' dir='ltr'>Hinc</span> <span class='ocrx_word' id='word_1_65' title='bbox 345 1084 492 1161; x_wconf 89' lang='lat' dir='ltr'>populum</span> <span class='ocrx_word' id='word_1_66' title='bbox 510 1085 571 1144; x_wconf 91' lang='lat' dir='ltr'>late</span> <span class='ocrx_word' id='word_1_67' title='bbox 588 1103 690 1162; x_wconf 84' lang='lat' dir='ltr'>regom</span> <span class='ocrx_word' id='word_1_68' title='bbox 706 1084 845 1161; x_wconf 87' lang='lat' dir='ltr'>belloque</span> <span class='ocrx_word' id='word_1_69' title='bbox 859 1079 1039 1164; x_wconf 87' lang='lat' dir='ltr'>superbum]</span> <span class='ocrx_word' id='word_1_70' title='bbox 1058 1077 1152 1166; x_wconf 61' lang='lat' dir='ltr'>(Aac</span> 
     </span>
    </p>
   </div>
   <div class='ocr_carea' id='block_1_4' title="bbox 87 1220 1151 1927">
    <p class='ocr_par' dir='ltr' id='par_1_4' title="bbox 87 1220 1151 1927">
     <span class='ocr_line' id='line_1_11' title="bbox 87 1220 1059 1309; baseline -0.001 -18"><span class='ocrx_word' id='word_1_71' title='bbox 87 1243 120 1292; x_wconf 90' lang='lat'>10</span> <span class='ocrx_word' id='word_1_72' title='bbox 227 1245 309 1287; x_wconf 80' lang='lat' dir='ltr'>vura</span> <span class='ocrx_word' id='word_1_73' title='bbox 331 1221 481 1306; x_wconf 75' lang='lat' dir='ltr'>nunionis]</span> <span class='ocrx_word' id='word_1_74' title='bbox 521 1226 662 1286; x_wconf 90' lang='lat' dir='ltr'>Dolorem</span> <span class='ocrx_word' id='word_1_75' title='bbox 684 1231 779 1287; x_wconf 87' lang='lat' dir='ltr'>morte</span> <span class='ocrx_word' id='word_1_76' title='bbox 802 1225 928 1287; x_wconf 85' lang='lat' dir='ltr'>Glauces</span> <span class='ocrx_word' id='word_1_77' title='bbox 954 1220 1059 1309; x_wconf 76' lang='lat' dir='ltr'>(AvV</span> 
     </span>
     <span class='ocr_line' id='line_1_12' title="bbox 229 1308 1149 1395; baseline 0.003 -22"><span class='ocrx_word' id='word_1_78' title='bbox 229 1308 287 1377; x_wconf 78' lang='lat'>65.</span> <span class='ocrx_word' id='word_1_79' title='bbox 326 1334 389 1376; x_wconf 78' lang='lat' dir='ltr'>cru</span> <span class='ocrx_word' id='word_1_80' title='bbox 411 1333 512 1375; x_wconf 76' lang='lat' dir='ltr'>ranna</span> <span class='ocrx_word' id='word_1_81' title='bbox 535 1332 616 1374; x_wconf 75' lang='lat' dir='ltr'>raro</span> <span class='ocrx_word' id='word_1_82' title='bbox 639 1335 671 1375; x_wconf 86' lang='lat' dir='ltr'>u.</span> <span class='ocrx_word' id='word_1_83' title='bbox 689 1310 725 1395; x_wconf 77' lang='lat' dir='ltr'>a]</span> <span class='ocrx_word' id='word_1_84' title='bbox 765 1315 829 1374; x_wconf 89' lang='lat' dir='ltr'>Alii</span> <span class='ocrx_word' id='word_1_85' title='bbox 851 1318 1078 1392; x_wconf 85' lang='lat' dir='ltr'>uestimentum,</span> <span class='ocrx_word' id='word_1_86' title='bbox 1100 1317 1149 1376; x_wconf 87' lang='lat' dir='ltr'>alii</span> 
     </span>
     <span class='ocr_line' id='line_1_13' title="bbox 139 1403 1149 1482; baseline -0.001 -19"><span class='ocrx_word' id='word_1_87' title='bbox 139 1422 278 1463; x_wconf 89' lang='lat' dir='ltr'>coronam</span> <span class='ocrx_word' id='word_1_88' title='bbox 305 1405 438 1465; x_wconf 87' lang='lat' dir='ltr'>oblatam</span> <span class='ocrx_word' id='word_1_89' title='bbox 464 1405 575 1464; x_wconf 91' lang='lat' dir='ltr'>uolunt</span> <span class='ocrx_word' id='word_1_90' title='bbox 597 1424 616 1464; x_wconf 92' lang='lat' dir='ltr'>a</span> <span class='ocrx_word' id='word_1_91' title='bbox 637 1403 742 1464; x_wconf 80' lang='lat' dir='ltr'>Medea</span> <span class='ocrx_word' id='word_1_92' title='bbox 763 1405 907 1464; x_wconf 89' lang='lat' dir='ltr'>infectam</span> <span class='ocrx_word' id='word_1_93' title='bbox 928 1407 1069 1482; x_wconf 90' lang='lat' dir='ltr'>uenenis,</span> <span class='ocrx_word' id='word_1_94' title='bbox 1094 1422 1149 1480; x_wconf 88' lang='lat' dir='ltr'>qua</span> 
     </span>
     <span class='ocr_line' id='line_1_14' title="bbox 140 1485 851 1574; baseline 0.004 -22"><span class='ocrx_word' id='word_1_95' title='bbox 140 1496 262 1570; x_wconf 88' lang='lat' dir='ltr'>sumpta</span> <span class='ocrx_word' id='word_1_96' title='bbox 285 1496 432 1571; x_wconf 88' lang='lat' dir='ltr'>accipiens</span> <span class='ocrx_word' id='word_1_97' title='bbox 454 1495 567 1570; x_wconf 88' lang='lat' dir='ltr'>periret</span> <span class='ocrx_word' id='word_1_98' title='bbox 587 1493 725 1554; x_wconf 88' lang='lat' dir='ltr'>incendio</span> <span class='ocrx_word' id='word_1_99' title='bbox 749 1485 851 1574; x_wconf 74' lang='lat' dir='ltr'>(AvV</span> 
     </span>
     <span class='ocr_line' id='line_1_15' title="bbox 229 1577 1150 1663; baseline -0.002 -23"><span class='ocrx_word' id='word_1_100' title='bbox 229 1582 308 1641; x_wconf 78' lang='lat' dir='ltr'>*Hic</span> <span class='ocrx_word' id='word_1_101' title='bbox 330 1577 400 1663; x_wconf 80' lang='grc' dir='ltr'><strong><em>παρ’</em></strong></span> <span class='ocrx_word' id='word_1_102' title='bbox 422 1581 553 1662; x_wconf 82' lang='grc' dir='ltr'><strong><em>ἱστορίαν</em></strong></span> <span class='ocrx_word' id='word_1_103' title='bbox 576 1582 657 1641; x_wconf 89' lang='lat' dir='ltr'>dicit.</span> <span class='ocrx_word' id='word_1_104' title='bbox 694 1582 815 1641; x_wconf 78' lang='lat' dir='ltr'>Dicitur</span> <span class='ocrx_word' id='word_1_105' title='bbox 837 1582 916 1642; x_wconf 92' lang='lat' dir='ltr'>enim</span> <span class='ocrx_word' id='word_1_106' title='bbox 934 1582 1043 1644; x_wconf 87' lang='lat' dir='ltr'>Medea</span> <span class='ocrx_word' id='word_1_107' title='bbox 1064 1580 1150 1642; x_wconf 85' lang='lat' dir='ltr'>Glau-</span> 
     </span>
     <span class='ocr_line' id='line_1_16' title="bbox 88 1664 950 1752; baseline -0.005 -18"><span class='ocrx_word' id='word_1_108' title='bbox 88 1686 121 1735; x_wconf 83' lang='lat'>15</span> <span class='ocrx_word' id='word_1_109' title='bbox 140 1665 233 1748; x_wconf 83' lang='lat' dir='ltr'>c&lt;a&gt;e</span> <span class='ocrx_word' id='word_1_110' title='bbox 256 1688 395 1730; x_wconf 86' lang='lat' dir='ltr'>coronam</span> <span class='ocrx_word' id='word_1_111' title='bbox 418 1671 542 1746; x_wconf 83' lang='lat' dir='ltr'>dedisse,</span> <span class='ocrx_word' id='word_1_112' title='bbox 565 1690 625 1731; x_wconf 91' lang='lat' dir='ltr'>non</span> <span class='ocrx_word' id='word_1_113' title='bbox 646 1672 761 1748; x_wconf 89' lang='lat' dir='ltr'>pallam</span> <span class='ocrx_word' id='word_1_114' title='bbox 783 1664 836 1752; x_wconf 72' lang='grc' dir='ltr'>(Γ</span> <span class='ocrx_word' id='word_1_115' title='bbox 853 1673 950 1730; x_wconf 74' lang='lat' dir='ltr'>strab</span> 
     </span>
     <span class='ocr_line' id='line_1_17' title="bbox 229 1759 1150 1838; baseline -0.001 -20"><span class='ocrx_word' id='word_1_116' title='bbox 229 1759 337 1818; x_wconf 76' lang='lat' dir='ltr'>*Palla</span> <span class='ocrx_word' id='word_1_117' title='bbox 372 1778 482 1819; x_wconf 89' lang='lat' dir='ltr'>munus</span> <span class='ocrx_word' id='word_1_118' title='bbox 514 1759 676 1838; x_wconf 84' lang='lat' dir='ltr'>significat,</span> <span class='ocrx_word' id='word_1_119' title='bbox 712 1760 810 1838; x_wconf 81' lang='lat' dir='ltr'>figura</span> <span class='ocrx_word' id='word_1_120' title='bbox 842 1760 1014 1838; x_wconf 84' lang='lat' dir='ltr'>eferegesis.</span> <span class='ocrx_word' id='word_1_121' title='bbox 1073 1759 1150 1818; x_wconf 85' lang='lat' dir='ltr'>Tabo</span> 
     </span>
     <span class='ocr_line' id='line_1_18' title="bbox 142 1848 1151 1927; baseline 0 -22"><span class='ocrx_word' id='word_1_122' title='bbox 142 1849 243 1905; x_wconf 89' lang='lat' dir='ltr'>autem</span> <span class='ocrx_word' id='word_1_123' title='bbox 269 1848 319 1907; x_wconf 90' lang='lat' dir='ltr'>hic</span> <span class='ocrx_word' id='word_1_124' title='bbox 345 1867 508 1923; x_wconf 89' lang='lat' dir='ltr'>uenenum,</span> <span class='ocrx_word' id='word_1_125' title='bbox 536 1848 609 1909; x_wconf 88' lang='lat' dir='ltr'>alibi</span> <span class='ocrx_word' id='word_1_126' title='bbox 636 1851 813 1927; x_wconf 81' lang='lat' dir='ltr'>sanguinem</span> <span class='ocrx_word' id='word_1_127' title='bbox 840 1852 1018 1926; x_wconf 89' lang='lat' dir='ltr'>corruptum</span> <span class='ocrx_word' id='word_1_128' title='bbox 1040 1849 1151 1908; x_wconf 91' lang='lat' dir='ltr'>intelle·</span> 
     </span>
    </p>
   </div>
   <div class='ocr_carea' id='block_1_5' title="bbox 141 1927 988 2143">
    <p class='ocr_par' dir='ltr' id='par_1_5' title="bbox 141 1927 988 2143">
     <span class='ocr_line' id='line_1_19' title="bbox 141 1927 684 2019; baseline 0.004 -25"><span class='ocrx_word' id='word_1_129' title='bbox 141 1937 249 2013; x_wconf 81' lang='lat' dir='ltr'>gimus,</span> <span class='ocrx_word' id='word_1_130' title='bbox 271 1940 309 1995; x_wconf 91' lang='lat' dir='ltr'>ut</span> <span class='ocrx_word' id='word_1_131' title='bbox 331 1927 434 2016; x_wconf 78' lang='lat' dir='ltr'>(Vcrp.</span> <span class='ocrx_word' id='word_1_132' title='bbox 452 1935 527 1996; x_wconf 79' lang='lat' dir='ltr'>Aca.</span> <span class='ocrx_word' id='word_1_133' title='bbox 546 1938 593 1996; x_wconf 94' lang='lat' dir='ltr'>III</span> <span class='ocrx_word' id='word_1_134' title='bbox 612 1930 684 2019; x_wconf 81' lang='lat'>29):</span> 
     </span>
     <span class='ocr_line' id='line_1_20' title="bbox 301 2054 988 2143; baseline 0 -24"><span class='ocrx_word' id='word_1_135' title='bbox 301 2061 424 2120; x_wconf 78' lang='lat' dir='ltr'>Terram</span> <span class='ocrx_word' id='word_1_136' title='bbox 445 2064 516 2121; x_wconf 88' lang='lat' dir='ltr'>tabo</span> <span class='ocrx_word' id='word_1_137' title='bbox 539 2063 693 2121; x_wconf 89' lang='lat' dir='ltr'>maculant</span> <span class='ocrx_word' id='word_1_138' title='bbox 717 2054 769 2143; x_wconf 70' lang='grc' dir='ltr'>(Γ</span> <span class='ocrx_word' id='word_1_139' title='bbox 787 2079 864 2121; x_wconf 76' lang='lat' dir='ltr'>cous.</span> <span class='ocrx_word' id='word_1_140' title='bbox 882 2063 988 2136; x_wconf 79' lang='lat' dir='ltr'>Porpla</span> 
     </span>
    </p>
   </div>
   <div class='ocr_carea' id='block_1_6' title="bbox 42 2197 1153 2993">
    <p class='ocr_par' dir='ltr' id='par_1_6' title="bbox 42 2197 1153 2993">
     <span class='ocr_line' id='line_1_21' title="bbox 89 2197 820 2285; baseline -0.003 -21"><span class='ocrx_word' id='word_1_141' title='bbox 89 2216 123 2264; x_wconf 83' lang='lat'>20</span> <span class='ocrx_word' id='word_1_142' title='bbox 231 2201 293 2262; x_wconf 73' lang='lat' dir='ltr'>*Et</span> <span class='ocrx_word' id='word_1_143' title='bbox 316 2207 361 2263; x_wconf 88' lang='lat' dir='ltr'>est</span> <span class='ocrx_word' id='word_1_144' title='bbox 383 2206 592 2281; x_wconf 90' lang='lat' dir='ltr'>monoptotum</span> <span class='ocrx_word' id='word_1_145' title='bbox 614 2223 721 2263; x_wconf 87' lang='lat' dir='ltr'>nomen</span> <span class='ocrx_word' id='word_1_146' title='bbox 745 2197 820 2285; x_wconf 80' lang='lat' dir='ltr'>(P&#39;b</span> 
     </span>
     <span class='ocr_line' id='line_1_22' title="bbox 232 2283 1153 2371; baseline -0.002 -20"><span class='ocrx_word' id='word_1_147' title='bbox 232 2283 291 2352; x_wconf 79' lang='grc'>67.</span> <span class='ocrx_word' id='word_1_148' title='bbox 314 2309 409 2358; x_wconf 79' lang='lat' dir='ltr'>anovi</span> <span class='ocrx_word' id='word_1_149' title='bbox 427 2309 487 2351; x_wconf 81' lang='lat' dir='ltr'>uno</span> <span class='ocrx_word' id='word_1_150' title='bbox 506 2310 609 2350; x_wconf 78' lang='lat' dir='ltr'>nnana</span> <span class='ocrx_word' id='word_1_151' title='bbox 627 2310 686 2351; x_wconf 80' lang='lat' dir='ltr'>uno</span> <span class='ocrx_word' id='word_1_152' title='bbox 705 2310 823 2351; x_wconf 79' lang='lat' dir='ltr'>narnus</span> <span class='ocrx_word' id='word_1_153' title='bbox 841 2311 873 2350; x_wconf 75' lang='lat' dir='ltr'>ni</span> <span class='ocrx_word' id='word_1_154' title='bbox 890 2286 1033 2371; x_wconf 77' lang='lat' dir='ltr'>asrnnrs]</span> <span class='ocrx_word' id='word_1_155' title='bbox 1075 2292 1153 2350; x_wconf 84' lang='lat' dir='ltr'>Dicit</span> 
     </span>
     <span class='ocr_line' id='line_1_23' title="bbox 143 2380 1153 2458; baseline 0 -20"><span class='ocrx_word' id='word_1_156' title='bbox 143 2399 187 2455; x_wconf 92' lang='lat' dir='ltr'>se,</span> <span class='ocrx_word' id='word_1_157' title='bbox 215 2380 288 2438; x_wconf 94' lang='lat' dir='ltr'>dum</span> <span class='ocrx_word' id='word_1_158' title='bbox 310 2381 387 2439; x_wconf 90' lang='lat' dir='ltr'>nihil</span> <span class='ocrx_word' id='word_1_159' title='bbox 409 2382 642 2458; x_wconf 84' lang='lat' dir='ltr'>praetermiserit</span> <span class='ocrx_word' id='word_1_160' title='bbox 664 2381 700 2440; x_wconf 92' lang='lat' dir='ltr'>de</span> <span class='ocrx_word' id='word_1_161' title='bbox 723 2381 783 2456; x_wconf 87' lang='lat' dir='ltr'>his,</span> <span class='ocrx_word' id='word_1_162' title='bbox 807 2401 884 2457; x_wconf 91' lang='lat' dir='ltr'>quae</span> <span class='ocrx_word' id='word_1_163' title='bbox 908 2400 926 2438; x_wconf 85' lang='lat' dir='ltr'>a</span> <span class='ocrx_word' id='word_1_164' title='bbox 948 2381 1056 2441; x_wconf 90' lang='lat' dir='ltr'>Medea</span> <span class='ocrx_word' id='word_1_165' title='bbox 1077 2381 1153 2440; x_wconf 88' lang='lat' dir='ltr'>facta</span> 
     </span>
     <span class='ocr_line' id='line_1_24' title="bbox 143 2462 926 2550; baseline 0.001 -23"><span class='ocrx_word' id='word_1_166' title='bbox 143 2472 222 2543; x_wconf 87' lang='lat' dir='ltr'>sunt,</span> <span class='ocrx_word' id='word_1_167' title='bbox 245 2487 299 2527; x_wconf 91' lang='lat' dir='ltr'>cur</span> <span class='ocrx_word' id='word_1_168' title='bbox 320 2471 387 2546; x_wconf 92' lang='lat' dir='ltr'>ipsa</span> <span class='ocrx_word' id='word_1_169' title='bbox 409 2470 485 2527; x_wconf 90' lang='lat' dir='ltr'>nihil</span> <span class='ocrx_word' id='word_1_170' title='bbox 508 2470 632 2545; x_wconf 79' lang='lat' dir='ltr'>optinet,</span> <span class='ocrx_word' id='word_1_171' title='bbox 656 2470 799 2529; x_wconf 87' lang='lat' dir='ltr'>admirari</span> <span class='ocrx_word' id='word_1_172' title='bbox 822 2462 926 2550; x_wconf 69' lang='grc' dir='ltr'>(ΑΝ</span> 
     </span>
     <span class='ocr_line' id='line_1_25' title="bbox 233 2552 1152 2637; baseline -0.003 -21"><span class='ocrx_word' id='word_1_173' title='bbox 233 2552 291 2618; x_wconf 71' lang='lat' dir='ltr'>tt).</span> <span class='ocrx_word' id='word_1_174' title='bbox 314 2575 425 2617; x_wconf 82' lang='lat' dir='ltr'>vuorrs</span> <span class='ocrx_word' id='word_1_175' title='bbox 448 2575 567 2616; x_wconf 76' lang='lat' dir='ltr'>oumvu</span> <span class='ocrx_word' id='word_1_176' title='bbox 591 2553 765 2637; x_wconf 79' lang='lat' dir='ltr'>cvammvs]</span> <span class='ocrx_word' id='word_1_177' title='bbox 806 2558 854 2617; x_wconf 89' lang='lat' dir='ltr'>Ita</span> <span class='ocrx_word' id='word_1_178' title='bbox 876 2559 921 2616; x_wconf 89' lang='lat' dir='ltr'>nil</span> <span class='ocrx_word' id='word_1_179' title='bbox 943 2559 1047 2618; x_wconf 89' lang='lat' dir='ltr'>ualere</span> <span class='ocrx_word' id='word_1_180' title='bbox 1067 2558 1152 2618; x_wconf 87' lang='lat' dir='ltr'>actio·</span> 
     </span>
     <span class='ocr_line' id='line_1_26' title="bbox 42 2645 1153 2729; baseline -0.004 -23"><span class='ocrx_word' id='word_1_181' title='bbox 42 2678 43 2681; x_wconf 36' lang='lat'>¹</span> <span class='ocrx_word' id='word_1_182' title='bbox 90 2657 125 2706; x_wconf 74' lang='lat'>‘25</span> <span class='ocrx_word' id='word_1_183' title='bbox 144 2665 212 2705; x_wconf 90' lang='lat' dir='ltr'>nem</span> <span class='ocrx_word' id='word_1_184' title='bbox 235 2664 321 2729; x_wconf 76' lang='lat' dir='ltr'>suam</span> <span class='ocrx_word' id='word_1_185' title='bbox 344 2646 427 2721; x_wconf 86' lang='lat' dir='ltr'>dicit,</span> <span class='ocrx_word' id='word_1_186' title='bbox 449 2650 485 2705; x_wconf 92' lang='lat' dir='ltr'>ut</span> <span class='ocrx_word' id='word_1_187' title='bbox 502 2645 611 2720; x_wconf 86' lang='lat' dir='ltr'>Varus,</span> <span class='ocrx_word' id='word_1_188' title='bbox 634 2647 794 2706; x_wconf 89' lang='lat' dir='ltr'>aduersum</span> <span class='ocrx_word' id='word_1_189' title='bbox 817 2666 907 2723; x_wconf 93' lang='lat' dir='ltr'>quem</span> <span class='ocrx_word' id='word_1_190' title='bbox 926 2649 1028 2706; x_wconf 91' lang='lat' dir='ltr'>omnia</span> <span class='ocrx_word' id='word_1_191' title='bbox 1046 2646 1153 2718; x_wconf 87' lang='lat' dir='ltr'>fecerit,</span> 
     </span>
     <span class='ocr_line' id='line_1_27' title="bbox 45 2735 1152 2811; baseline 0 -20"><span class='ocrx_word' id='word_1_192' title='bbox 45 2786 47 2791; x_wconf 80' lang='grc'>,</span> <span class='ocrx_word' id='word_1_193' title='bbox 142 2736 288 2792; x_wconf 88' lang='lat' dir='ltr'>inmemor</span> <span class='ocrx_word' id='word_1_194' title='bbox 319 2736 368 2794; x_wconf 87' lang='lat' dir='ltr'>sui</span> <span class='ocrx_word' id='word_1_195' title='bbox 399 2735 530 2794; x_wconf 82' lang='lat' dir='ltr'>odoratis</span> <span class='ocrx_word' id='word_1_196' title='bbox 562 2735 693 2811; x_wconf 87' lang='lat' dir='ltr'>pelicum</span> <span class='ocrx_word' id='word_1_197' title='bbox 724 2735 872 2794; x_wconf 91' lang='lat' dir='ltr'>cubilibus</span> <span class='ocrx_word' id='word_1_198' title='bbox 904 2738 1045 2796; x_wconf 88' lang='lat' dir='ltr'>teneatur</span> <span class='ocrx_word' id='word_1_199' title='bbox 1076 2736 1152 2810; x_wconf 87' lang='lat' dir='ltr'>quie·</span> 
     </span>
     <span class='ocr_line' id='line_1_28' title="bbox 144 2820 322 2882; baseline 0.006 -1"><span class='ocrx_word' id='word_1_200' title='bbox 144 2827 192 2882; x_wconf 87' lang='lat' dir='ltr'>tus</span> <span class='ocrx_word' id='word_1_201' title='bbox 230 2820 322 2882; x_wconf 79' lang='lat' dir='ltr'>AvV</span> 
     </span>
     <span class='ocr_line' id='line_1_29' title="bbox 216 2815 1153 2993; baseline -0.003 -23"><span class='ocrx_word' id='word_1_202' title='bbox 216 2815 292 2972; x_wconf 74' lang='lat'>(71.</span> <span class='ocrx_word' id='word_1_203' title='bbox 311 2904 419 2971; x_wconf 79' lang='lat' dir='ltr'>*Ahah</span> <span class='ocrx_word' id='word_1_204' title='bbox 437 2903 499 2993; x_wconf 83' lang='lat' dir='ltr'>(b)]</span> <span class='ocrx_word' id='word_1_205' title='bbox 539 2910 605 2970; x_wconf 81' lang='lat' dir='ltr'>Scio</span> <span class='ocrx_word' id='word_1_206' title='bbox 625 2911 697 2987; x_wconf 88' lang='lat' dir='ltr'>quid</span> <span class='ocrx_word' id='word_1_207' title='bbox 716 2915 769 2988; x_wconf 90' lang='lat' dir='ltr'>est,</span> <span class='ocrx_word' id='word_1_208' title='bbox 788 2916 818 2971; x_wconf 92' lang='lat' dir='ltr'>et</span> <span class='ocrx_word' id='word_1_209' title='bbox 837 2915 882 2971; x_wconf 92' lang='lat' dir='ltr'>est</span> <span class='ocrx_word' id='word_1_210' title='bbox 898 2931 958 2971; x_wconf 86' lang='lat' dir='ltr'>uox</span> <span class='ocrx_word' id='word_1_211' title='bbox 977 2912 1106 2972; x_wconf 84' lang='lat' dir='ltr'>dolentis</span> <span class='ocrx_word' id='word_1_212' title='bbox 1125 2903 1153 2991; x_wconf 77' lang='lat' dir='ltr'>(b</span> 
     </span>
    </p>
   </div>
   <div class='ocr_carea' id='block_1_7' title="bbox 118 3115 1157 3544">
    <p class='ocr_par' dir='ltr' id='par_1_7' title="bbox 118 3115 1157 3544">
     <span class='ocr_line' id='line_1_30' title="bbox 235 3115 1123 3187; baseline 0.002 -19"><span class='ocrx_word' id='word_1_213' title='bbox 235 3116 448 3183; x_wconf 80' lang='lat' dir='ltr'>lunguentum</span> <span class='ocrx_word' id='word_1_214' title='bbox 470 3117 498 3186; x_wconf 81' lang='lat' dir='ltr'>r]</span> <span class='ocrx_word' id='word_1_215' title='bbox 520 3118 676 3186; x_wconf 84' lang='lat' dir='ltr'>ungentum</span> <span class='ocrx_word' id='word_1_216' title='bbox 699 3117 736 3187; x_wconf 73' lang='grc' dir='ltr'>γὸ</span> <span class='ocrx_word' id='word_1_217' title='bbox 845 3115 942 3170; x_wconf 68' lang='lat' dir='ltr'>taint</span> <span class='ocrx_word' id='word_1_218' title='bbox 963 3117 1014 3187; x_wconf 81' lang='lat' dir='ltr'>rt]</span> <span class='ocrx_word' id='word_1_219' title='bbox 1038 3132 1123 3184; x_wconf 75' lang='lat' dir='ltr'>ouay</span> 
     </span>
     <span class='ocr_line' id='line_1_31' title="bbox 118 3186 1156 3258; baseline 0.002 -21"><span class='ocrx_word' id='word_1_220' title='bbox 118 3192 121 3198; x_wconf 84' lang='lat'><em>&#39;</em></span> <span class='ocrx_word' id='word_1_221' title='bbox 146 3191 161 3238; x_wconf 79' lang='lat'>7</span> <span class='ocrx_word' id='word_1_222' title='bbox 180 3186 326 3254; x_wconf 87' lang='lat' dir='ltr'>tamquam</span> <span class='ocrx_word' id='word_1_223' title='bbox 345 3201 418 3252; x_wconf 88' lang='lat' dir='ltr'>quae</span> <span class='ocrx_word' id='word_1_224' title='bbox 436 3189 501 3256; x_wconf 89' lang='lat' dir='ltr'>(que</span> <span class='ocrx_word' id='word_1_225' title='bbox 515 3189 542 3256; x_wconf 81' lang='grc' dir='ltr'>ν)</span> <span class='ocrx_word' id='word_1_226' title='bbox 556 3187 619 3258; x_wconf 76' lang='lat' dir='ltr'>Ao]</span> <span class='ocrx_word' id='word_1_227' title='bbox 634 3186 701 3255; x_wconf 89' lang='lat' dir='ltr'>quia</span> <span class='ocrx_word' id='word_1_228' title='bbox 716 3186 797 3255; x_wconf 88' lang='lat' dir='ltr'>quasi</span> <span class='ocrx_word' id='word_1_229' title='bbox 818 3189 863 3257; x_wconf 83' lang='lat' dir='ltr'>Vp</span> <span class='ocrx_word' id='word_1_230' title='bbox 935 3191 951 3238; x_wconf 86' lang='lat'>8</span> <span class='ocrx_word' id='word_1_231' title='bbox 965 3189 1000 3241; x_wconf 93' lang='lat' dir='ltr'>ut</span> <span class='ocrx_word' id='word_1_232' title='bbox 1014 3218 1050 3227; x_wconf 97' lang='lat'><em>-</em></span> <span class='ocrx_word' id='word_1_233' title='bbox 1064 3202 1156 3255; x_wconf 87' lang='lat' dir='ltr'>super·</span> 
     </span>
     <span class='ocr_line' id='line_1_32' title="bbox 144 3255 1155 3328; baseline 0 -19"><span class='ocrx_word' id='word_1_234' title='bbox 144 3255 213 3309; x_wconf 91' lang='lat' dir='ltr'>bum</span> <span class='ocrx_word' id='word_1_235' title='bbox 230 3272 331 3326; x_wconf 82' lang='lat' dir='ltr'>cpom.</span> <span class='ocrx_word' id='word_1_236' title='bbox 346 3257 431 3312; x_wconf 70' lang='grc' dir='ltr'>ΑΝ</span> <span class='ocrx_word' id='word_1_237' title='bbox 499 3263 531 3311; x_wconf 82' lang='grc'>13</span> <span class='ocrx_word' id='word_1_238' title='bbox 551 3257 901 3328; x_wconf 82' lang='lat' dir='ltr'>accipieusAv]om.ch</span> <span class='ocrx_word' id='word_1_239' title='bbox 975 3263 1009 3311; x_wconf 83' lang='lat'>14</span> <span class='ocrx_word' id='word_1_240' title='bbox 1029 3257 1105 3312; x_wconf 90' lang='lat' dir='ltr'>enim</span> <span class='ocrx_word' id='word_1_241' title='bbox 1119 3257 1155 3326; x_wconf 89' lang='grc' dir='ltr'>Γ]</span> 
     </span>
     <span class='ocr_line' id='line_1_33' title="bbox 146 3327 1156 3400; baseline 0.001 -21"><span class='ocrx_word' id='word_1_242' title='bbox 146 3327 242 3380; x_wconf 85' lang='lat' dir='ltr'>autem</span> <span class='ocrx_word' id='word_1_243' title='bbox 263 3348 281 3382; x_wconf 79' lang='grc' dir='ltr'><strong><em>ν</em></strong></span> <span class='ocrx_word' id='word_1_244' title='bbox 376 3332 422 3387; x_wconf 73' lang='grc'>,23</span> <span class='ocrx_word' id='word_1_245' title='bbox 446 3327 555 3396; x_wconf 90' lang='lat' dir='ltr'>optinet</span> <span class='ocrx_word' id='word_1_246' title='bbox 576 3329 672 3400; x_wconf 66' lang='grc' dir='ltr'>ΑΝ]</span> <span class='ocrx_word' id='word_1_247' title='bbox 696 3329 838 3384; x_wconf 84' lang='lat' dir='ltr'>obtineto</span> <span class='ocrx_word' id='word_1_248' title='bbox 864 3329 1004 3398; x_wconf 81' lang='lat' dir='ltr'>timeatp</span> <span class='ocrx_word' id='word_1_249' title='bbox 1032 3328 1156 3382; x_wconf 90' lang='lat' dir='ltr'>obtineat</span> 
     </span>
     <span class='ocr_line' id='line_1_34' title="bbox 145 3397 1157 3471; baseline 0.001 -20"><span class='ocrx_word' id='word_1_250' title='bbox 145 3397 208 3452; x_wconf 80' lang='lat' dir='ltr'>edit.</span> <span class='ocrx_word' id='word_1_251' title='bbox 288 3404 323 3451; x_wconf 77' lang='lat'>24</span> <span class='ocrx_word' id='word_1_252' title='bbox 340 3398 382 3451; x_wconf 89' lang='lat' dir='ltr'>nil</span> <span class='ocrx_word' id='word_1_253' title='bbox 399 3400 439 3471; x_wconf 79' lang='lat' dir='ltr'>A]</span> <span class='ocrx_word' id='word_1_254' title='bbox 458 3398 530 3453; x_wconf 88' lang='lat' dir='ltr'>nihil</span> <span class='ocrx_word' id='word_1_255' title='bbox 548 3400 633 3468; x_wconf 83' lang='lat' dir='ltr'>vap</span> <span class='ocrx_word' id='word_1_256' title='bbox 704 3406 738 3455; x_wconf 80' lang='lat'>26</span> <span class='ocrx_word' id='word_1_257' title='bbox 757 3400 903 3454; x_wconf 89' lang='lat' dir='ltr'>immemor</span> <span class='ocrx_word' id='word_1_258' title='bbox 921 3401 948 3453; x_wconf 92' lang='lat' dir='ltr'><strong><em>V</em></strong></span> <span class='ocrx_word' id='word_1_259' title='bbox 1019 3400 1157 3453; x_wconf 88' lang='lat' dir='ltr'>cubilibus</span> 
     </span>
     <span class='ocr_line' id='line_1_35' title="bbox 135 3469 1156 3544; baseline -0.005 -19"><span class='ocrx_word' id='word_1_260' title='bbox 135 3469 205 3544; x_wconf 74' lang='lat' dir='ltr'>Ao]</span> <span class='ocrx_word' id='word_1_261' title='bbox 231 3469 372 3528; x_wconf 88' lang='lat' dir='ltr'>cubiculis</span> <span class='ocrx_word' id='word_1_262' title='bbox 392 3471 454 3544; x_wconf 84' lang='lat' dir='ltr'>ch</span> <span class='ocrx_word' id='word_1_263' title='bbox 562 3474 599 3525; x_wconf 56' lang='grc' dir='ltr'>(λδ</span> <span class='ocrx_word' id='word_1_264' title='bbox 628 3471 735 3526; x_wconf 84' lang='lat' dir='ltr'>INDE</span> <span class='ocrx_word' id='word_1_265' title='bbox 760 3473 788 3524; x_wconf 88' lang='lat' dir='ltr'>A</span> <span class='ocrx_word' id='word_1_266' title='bbox 805 3472 841 3523; x_wconf 85' lang='lat' dir='ltr'>V.</span> <span class='ocrx_word' id='word_1_267' title='bbox 851 3477 888 3522; x_wconf 72' lang='lat' dir='ltr'>*u</span> <span class='ocrx_word' id='word_1_268' title='bbox 909 3502 942 3509; x_wconf 91' lang='lat'><strong>—</strong></span> <span class='ocrx_word' id='word_1_269' title='bbox 965 3473 1042 3536; x_wconf 78' lang='lat' dir='ltr'>epod.</span> <span class='ocrx_word' id='word_1_270' title='bbox 1061 3476 1110 3536; x_wconf 77' lang='lat'>17,</span> <span class='ocrx_word' id='word_1_271' title='bbox 1126 3473 1156 3522; x_wconf 74' lang='lat'>27</span> 
     </span>
    </p>
   </div>
   <div class='ocr_carea' id='block_1_8' title="bbox 125 3543 427 3607">
    <p class='ocr_par' dir='ltr' id='par_1_8' title="bbox 125 3543 427 3607">
     <span class='ocr_line' id='line_1_36' title="bbox 125 3543 427 3607; baseline 0.023 -10"><span class='ocrx_word' id='word_1_272' title='bbox 125 3543 317 3604; x_wconf 70' lang='lat' dir='ltr'>DEFJOJT</span> <span class='ocrx_word' id='word_1_273' title='bbox 332 3547 395 3607; x_wconf 83' lang='lat' dir='ltr'>cod.</span> <span class='ocrx_word' id='word_1_274' title='bbox 410 3568 427 3604; x_wconf 83' lang='grc' dir='ltr'><strong><em>ν</em></strong></span> 
     </span>
    </p>
   </div>
   <div class='ocr_carea' id='block_1_9' title="bbox 0 0 1261 3840">
    <p class='ocr_par' dir='ltr' id='par_1_9' title="bbox 0 0 1261 3840">
     <span class='ocr_line' id='line_1_37' title="bbox 0 0 1261 3840; baseline 0 0"><span class='ocrx_word' id='word_1_275' title='bbox 0 0 1261 3840; x_wconf 95' lang='lat' dir='ltr'> </span> 
     </span>
    </p>
   </div>
  </div>
 </body>
</html>
