2490 3840
141 204 206 268 332
473 203 662 258 EXPOSITIO
680 203 720 258 IN
738 203 822 259 Hor..

231 365 290 432 33.
332 389 481 431 coucnuss
518 389 635 431 narona
670 389 772 431 Poura
801 366 843 450 a]
890 372 975 431 Iulus
1009 373 1152 433 Antonius

139 463 258 520 heroico
281 464 375 519 metro
394 461 566 520 Diomedias
589 460 744 519 duodecim
761 461 853 520 libros
872 461 996 536 scripsit
1015 465 1152 540 egregios,

139 553 294 625 practerea
316 552 347 607 et
368 567 458 625 prosa
481 550 644 624 aliquanta.
691 548 834 608 Concincs
856 568 941 626 ergo,
965 552 1081 626 inquit,
1102 552 1152 609 hoc

141 641 198 697 est:
232 637 365 696 cantabis
388 637 553 712 nobiscum,
576 641 612 696 tu
634 637 762 711 Antoni,
785 634 908 697 ‘maiori
931 635 1075 715 plectro'‚
1097 657 1150 697 me

105 737 121 785 5
140 728 209 785 liori
233 745 320 801 opere
338 728 482 785 uictorem
501 724 657 785 Caesarem
674 746 728 802 per
746 745 862 786 sacrum
882 724 1030 802 Capitolii
1049 728 1151 786 clinum

141 817 275 891 captiuos
299 814 470 891 Sigambros
492 815 661 873 trahentem
682 834 737 890 pro
759 815 912 891 triumpho
937 807 1020 896 (As
1027 818 1054 876 V

232 894 289 963 34.
331 922 454 961 nassas
477 902 629 977 aruceus]
677 902 762 978 Quia,
786 907 948 979 antequam
972 908 1150 981 caperentur,

141 995 327 1051 centuriones
345 991 503 1067 Romanos,
527 993 579 1067 qui
602 991 641 1049 ad
664 992 814 1068 stipendis
835 993 920 1051 missi
939 997 1037 1069 erant,
1059 995 1150 1052 tentos

141 1080 276 1140 crucibus
299 1079 464 1139 defixerunt
487 1073 566 1160 (As
572 1079 600 1140 V

89 1181 123 1228 10
232 1162 290 1230 36.
313 1186 436 1228 uacuus
456 1162 652 1247 sucsunuos]
689 1167 805 1228 Laurea
824 1170 904 1227 enim
922 1187 1035 1228 corona
1053 1172 1149 1228 trium-

141 1259 267 1335 phantes
291 1258 451 1317 utebantur
473 1248 613 1337 (APOV

231 1339 289 1407 37.
322 1364 384 1412 ovo
406 1339 506 1423 urum]
549 1344 673 1404 Caesare
697 1346 810 1404 scilicet
833 1337 882 1426 (aa
900 1338 1024 1428 Pcrpb.)
1048 1340 1152 1428 (ΑΝ

230 1428 288 1496 38.
325 1428 412 1512 nour]
452 1434 581 1510 Propitii
605 1426 744 1515 (APOV

231 1517 288 1584 39.
313 1541 447 1589 ovauvrs
470 1541 613 1581 sannaus
637 1540 668 1580 nr
690 1516 810 1601 avnvu]
846 1521 909 1581 Neo
928 1543 1020 1584 aureo
1040 1524 1149 1584 saeculo

88 1624 121 1673 15
141 1614 268 1671 similem
292 1611 412 1671 Caesari
439 1613 538 1670 uirmn
565 1614 670 1670 natum
696 1612 787 1671 fuisse
815 1613 868 1669 ant
894 1615 978 1671 nesci
1000 1631 1100 1688 posse,
1127 1613 1150 1671 si

140 1703 174 1758 in
196 1721 263 1761 eum
286 1704 399 1759 statum
421 1703 557 1776 tempora
579 1704 734 1759 recurrant
757 1692 835 1780 (ΑΓ
841 1699 870 1759 V

231 1780 290 1849 4l.
313 1805 494 1854 usurosova
517 1783 602 1868 nms]
638 1789 721 1848 Idest
743 1789 877 1864 publicas
901 1789 993 1848 ferias
1018 1793 1050 1849 et
1071 1791 1150 1849 laeti·

140 1880 215 1936 tiam
238 1876 372 1936 cantabis
397 1869 535 1957 (AFCV
549 1879 585 1949 cf.
604 1877 711 1950 Porpb.

230 1957 290 2026 44.
313 1981 433 2023 mrravs
451 1959 494 2044 o.]
524 1963 670 2024 Orbatum
689 1965 763 2024 dicit
780 1966 878 2025 forum
896 1967 1001 2027 litibus
1022 1967 1150 2028 Caesaris

88 2065 122 2114 20
141 2056 292 2129 aequitate
316 2046 456 2135 (AFOV

230 2134 290 2203 45.
314 2159 417 2208 aroma
439 2137 577 2221 nocuae]
616 2142 677 2201 Sub
701 2143 773 2220 fuga
796 2145 986 2220 arrogantiae
1011 2147 1103 2204 etiam
1122 2162 1150 2202 se

140 2232 243 2291 laudes
268 2230 389 2290 Caesari
412 2231 561 2290 dicturum
583 2233 734 2307 promittit
757 2223 835 2311 (AF
842 2232 870 2290 V
885 2249 962 2290 cons.
980 2232 1089 2308 Porpb.

231 2312 290 2380 46.
314 2312 373 2380 47.
397 2339 436 2378 sn
460 2337 479 2379 ο
503 2337 560 2378 scr.
582 2313 739 2398 Pvucuna]
777 2311 877 2378 Solem
899 2339 954 2396 pro
978 2321 1028 2380 die
1047 2323 1150 2398 posuit,

140 2429 199 2485 quo
229 2411 326 2468 uictor
349 2407 457 2468 Caesar
484 2411 633 2486 ingressus
662 2412 714 2467 est.
760 2407 802 2466 Vt
825 2407 976 2486 Vergilius
1000 2403 1091 2491 (Aca.
1109 2409 1150 2467 ΙΠ

87 2510 121 2560 ss
142 2500 214 2557 203.
235 2490 330 2579 204):

273 2604 339 2662 'his
364 2602 436 2661 adeo
459 2603 587 2661 incertos
610 2620 698 2661 caeca
720 2603 848 2679 caligine
871 2603 947 2662 soles

259 2688 415 2751 ¹Erramus
438 2682 517 2772 (Ar
523 2691 552 2749 V

229 2789 288 2857 48.
326 2792 506 2875 o<a>ssaau
532 2790 638 2874 rums]
683 2797 748 2855 Hoc
776 2799 834 2855 est:
865 2817 919 2874 ego
948 2799 1021 2857 felix
1050 2818 1147 2859 canam

139 2880 218 2969 (Ar
232 2888 296 2946 sam.
313 2887 419 2959 roas.

230 3078 244 3125 1
264 3072 413 3126 concinens
431 3071 539 3124 maiora
554 3072 582 3124 A
653 3071 764 3142 inluso]
783 3069 958 3141 iulinsAVp
972 3073 1148 3142 corcaPorpb.

139 3161 189 3198 om.
206 3147 232 3196 Γ
310 3141 457 3195 2her0ico
477 3142 550 3212 ch]
569 3142 660 3196 eroico
679 3149 736 3197 cett.
819 3151 931 3198 tanes:
951 3146 1010 3215 Pp]
1031 3161 1188 3199 cesarem¹

139 3216 211 3270 AVo
308 3218 324 3265 6
344 3213 400 3282 sig:
420 3213 481 3284 Ay]
500 3213 652 3267 sicambros
671 3215 753 3282 erp
848 3219 881 3266 10
900 3217 1051 3284 sygambos
1070 3219 1098 3270 A
1115 3214 1147 3267 si·

140 3285 266 3338 cambros
282 3285 328 3353 Vp
346 3300 418 3338 cmc
490 3289 523 3336 12
542 3299 637 3338 cesare
655 3285 720 3349 AV,
738 3290 844 3353 rectep
917 3291 949 3338 15
970 3288 1061 3340 cesari
1079 3285 1152 3354 AyV

139 3361 254 3423 reeterp
324 3354 451 3424 potuisse
470 3355 531 3423 ch
639 3361 670 3408 17
690 3355 784 3409 letitia
802 3357 839 3422 A,
856 3363 961 3425 rectep
1070 3363 1103 3410 21
1122 3369 1147 3408 se

130 3425 234 3482 laudes
251 3426 360 3514 Ach]
379 3424 480 3482 landes
498 3441 530 3480 se
551 3429 574 3480 Γ
669 3432 705 3479 ‘aa
723 3427 832 3479 caesari
848 3427 879 3495 r]
895 3428 990 3481 cesari>
1004 3430 1076 3485 AVo
1094 3443 1148 3481 ces·

120 3500 184 3555 sari
201 3522 221 3573 y
241 3517 369 3558 cassans
385 3519 409 3574 p
521 3503 560 3554 ‘it
575 3497 627 3570 uti
643 3497 755 3561 orave,
770 3510 865 3560 nono
948 3497 1030 3561 uum.
1045 3499 1120 3550 coit„

110 3577 152 3628 26
170 3591 194 3630 c.
214 3593 238 3635 c.
255 3577 335 3636 soles
357 3578 421 3637 eV
