2490 3840
498 179 606 235 OARM.
619 180 670 234 1111
684 187 701 233 4
1039 181 1105 245 337

184 340 241 410 14.
257 343 455 426 *<Intenta>]
474 349 557 406 Tune
572 349 650 407 enim
664 351 761 409 acrior
775 353 819 408 est
834 349 968 424 formido,
984 350 1102 426 quando

86 440 216 514 occupat
239 438 369 512 aliquem
391 438 424 494 in
447 437 561 496 deliciis
584 438 715 512 positum
738 429 803 518 (Γα
837 467 839 472 ·

181 518 239 586 16.
262 544 365 584 neuun
379 519 476 602 novo]
513 525 619 584 Adhuo
633 527 806 585 inconsueto
821 526 1015 602 adpraedam
1030 519 1108 608 (AV

182 606 239 675 17.
263 632 336 672 anm
358 631 458 672 81188
482 631 539 674 888
561 615 703 685 ammaus]
740 614 798 672 Per
820 615 985 690 yperbaton
1009 618 1108 674 sensui

88 703 238 779 superiori
269 702 435 778 respondite
473 702 591 778 qualem
623 704 756 778 aquilam
789 706 819 761 et
847 705 962 762 leonem
989 704 1107 762 inbellis
1145 717 1161 764 8

87 790 322 960 praeda,(talom
340 791 472 849 Drusum
490 790 591 849 uidere
605 791 674 849 Reti
693 794 723 850 et
736 791 894 866 Vindelici,
913 793 1107 852 barbarorum

86 882 193 958 gentes
232 877 297 938 AV

180 967 257 1026 *His
294 967 419 1026 deuictis
451 968 532 1026 faeta
564 971 609 1026 est
641 968 748 1026 ciuitas
781 968 918 1046 Augusta
949 967 1106 1028 Vindelioa

90 1057 172 1132 apud
195 1057 305 1116 Raetos
328 1049 372 1137 (Γ

181 1138 239 1206 22.
263 1162 323 1203 unc
348 1161 436 1203 sorau
458 1161 516 1202 sas
540 1139 609 1222 881]
652 1144 733 1203 Idest
756 1145 827 1203 lieet
845 1146 947 1221 aliqua
966 1147 1104 1223 ignorare
1126 1158 1160 1206 10

89 1228 171 1318 (AV
186 1251 220 1294 88
240 1235 346 1307 Porph.

181 1313 238 1384 24.
271 1339 419 1381 88881888
444 1338 615 1381 18881888.
636 1316 674 1400 8.]
716 1321 781 1381 Hoe
804 1322 908 1396 solum,
931 1323 1038 1398 inquit,
1062 1322 1105 1380 di·

88 1431 155 1472 oere
179 1412 254 1469 mihi
277 1413 349 1471 satis
373 1413 426 1485 est,
450 1410 530 1486 quod
549 1410 630 1469 Retii
653 1411 705 1468 diu
727 1414 863 1486 potentes
887 1413 917 1470 et
939 1411 1067 1471 uiatores
1088 1430 1106 1469 a

88 1501 189 1558 Druso
213 1499 308 1558 adhuc
331 1518 423 1575 puero
447 1501 581 1574 superati
604 1502 674 1558 sunt
697 1491 777 1579 (AV

181 1580 239 1648 25.
277 1583 425 1666 sansures]
471 1587 636 1648 Probauere
664 1589 808 1646 uirtutem
831 1591 861 1646 et
883 1588 1104 1646 institutionem
1124 1598 1157 1646 15

89 1677 257 1737 Romanam
281 1668 360 1756 (AV

179 1759 325 1842 1888188]
369 1764 462 1823 Aetas
486 1756 566 1843 (AV

180 1846 238 1912 26.
284 1870 418 1911 uveam
458 1847 598 1930 1888118]
644 1852 792 1912 Felicibus
834 1853 969 1913 custodia
1008 1855 1101 1912 uirtu-

87 1946 158 2001 tum
181 1933 262 2089 2217
276 2046 408 2088 1888811
431 2024 602 2107 88188888]
645 2029 687 2088 Vt
710 2021 1034 2109 (Ver9.Aea.1580.
1059 2031 1105 2088 III
1125 2041 1159 2090 2ο

89 2120 164 2179 848
188 2118 247 2177 18
265 2109 358 2198 4488

250 2242 290 2299 Et
312 2245 401 2318 pater
424 2241 539 2301 Aeneas
563 2233 642 2320 (AV

180 2376 238 2444 28.
261 2402 293 2442 nu
316 2400 433 2442 8811888
456 2400 570 2442 eumve
593 2377 745 2460 11888888]
784 2383 851 2444 Ι)88
870 2383 1102 2442 fuerunt'Nero·

86 2491 142 2532 nes
178 2473 312 2550 priuigni
347 2471 490 2549 Augusti,
527 2490 653 2546 quorum
685 2491 778 2530 unum
808 2474 840 2529 in
873 2471 960 2531 domo
994 2472 1106 2530 Tiberii

88 2560 211 2619 Claudii
238 2553 365 2619 Neronis
396 2561 499 2618 mariti
526 2559 615 2617 Liuia
646 2561 775 2635 peperit,
808 2561 934 2618 alterum
961 2561 993 2616 in
1022 2564 1105 2620 utero
1127 2571 1162 2618 28

87 2649 128 2708 ad
151 2649 321 2726 Augustum
343 2648 461 2709 adtulit.
507 2647 622 2706 Horum
646 2649 740 2706 altero
763 2650 795 2705 in
818 2646 978 2706 Germania
1001 2648 1104 2708 morbo

88 2737 247 2813 absumpto
281 2738 372 2800 alter,
388 2737 547 2812 adoptatus
581 2736 617 2794 ab
645 2736 781 2812 Augusto
815 2754 963 2795 suooessor
994 2739 1104 2811 prinei-

87 2828 179 2902 patus
212 2827 239 2884 ei
266 2826 324 2883 fuit
352 2829 533 2901 uocatusque
561 2828 606 2884 est
634 2824 770 2883 Tiberius
799 2824 907 2884 Caesar
935 2817 1013 2904 (AV
1029 2842 1106 2884 8888.

86 2915 198 2988 Porph.

181 3123 194 3170 1
214 3117 325 3172 intenta
340 3119 390 3188 K]
409 3118 526 3172 inuenta
544 3137 560 3173 r
578 3119 725 3188 iuuentay
798 3118 888 3172 aerior
903 3119 953 3188 K]
973 3118 1104 3186 olariorp

87 3189 232 3243 Karsehat
249 3190 340 3242 rarior
357 3207 397 3243 ro
415 3190 449 3255 ef.
468 3190 571 3261 Verpili
590 3192 697 3244 ‘metus
717 3191 795 3244 aoer’
870 3195 886 3241 4
905 3190 1023 3253 ipbaton
1043 3191 1070 3242 A

88 3266 104 3313 ὅ
126 3261 155 3313 et
174 3260 213 3329 A]
232 3260 278 3313 uel
294 3262 354 3329 ch
427 3261 515 3314 droti
534 3264 563 3315 et
580 3262 716 3315 uindelioi
736 3262 775 3331 A]
794 3261 859 3314 retii
877 3260 1032 3313 uuindeliei
1049 3262 1076 3314 V

88 3336 104 3383 9
131 3332 207 3401 retes
232 3332 259 3400 y]
282 3333 357 3384 ratos
380 3349 419 3385 ra
528 3338 560 3384 13
588 3332 659 3385 mihi
687 3331 780 3385 dicere
806 3334 832 3386 V
937 3336 968 3383 17
994 3333 1054 3384 etas
1079 3332 1106 3384 A

88 3405 124 3454 20
145 3403 298 3471 augustum
316 3404 344 3455 A
363 3403 477 3472 augusti
498 3404 543 3470 Vp
619 3409 653 3455 22
673 3419 758 3456 eneas
779 3404 807 3456 A
877 3406 914 3454 28
934 3401 1037 3452 alandi
1057 3402 1086 3449 A
1125 3463 1131 3472 ι

87 3472 161 3525 linia
171 3472 210 3540 p]
226 3472 299 3524 libta
312 3474 339 3525 A
350 3474 400 3539 Va·
425 3475 451 3527 V
458 3476 544 3544 prius
561 3476 706 3546 scripsisse
725 3475 842 3531 uidetur
856 3472 940 3525 linia
1049 3469 1091 3513 ‘ss
1110 3477 1147 3508 *A

78 3541 301 3608 APorph.]e1'us
315 3544 374 3610 ch
448 3564 505 3616 que
516 3549 772 3623 APorph.]0oe.V
846 3558 940 3599 888881
950 3539 1080 3608 ploosau
1087 3526 1163 3580 sse

122 3633 312 3679 Parmenonem
326 3649 439 3686 acaum
455 3658 483 3688 118
499 3650 660 3693 Haemum.
966 3629 1013 3676 Ὦ
