2490 3840
431 1133 756 1215 PRAEFATIO

183 1421 330 1490 Quoniam
371 1423 440 1480 ante
480 1422 534 1480 hos
571 1421 770 1499 quadraginta
807 1440 899 1480 annos
936 1421 1103 1480 Horatiana

91 1512 205 1570 scholia
233 1511 319 1570 edere
346 1509 431 1569 nobis
458 1512 679 1585 proposuimus,
706 1510 786 1569 haud
814 1529 883 1569 sane
912 1510 1007 1568 defuit
1028 1512 1102 1568 tem-

88 1603 172 1676 poris
195 1602 335 1676 spatium,
358 1601 431 1673 quin
454 1600 527 1658 satis
550 1599 683 1674 amplum
707 1601 737 1656 et
755 1601 927 1657 accuratum
946 1618 1103 1676 congerere
1135 1656 1139 1665 ,

87 1708 242 1765 possemus
270 1690 457 1765 apparatum.
498 1687 560 1746 Nec
587 1689 667 1746 solus
691 1687 827 1763 equidem
850 1688 1003 1764 negotium
1025 1688 1102 1746 illud

88 1796 289 1853 susceperam,
317 1776 368 1836 sed
390 1775 556 1834 adiuuabar
579 1777 725 1835 carissimi
748 1778 837 1835 amici
859 1795 962 1852 opera,
986 1776 1103 1834 Alfredi

87 1866 223 1939 Holderi,
246 1867 329 1925 ouius
352 1865 527 1924 collationes
550 1866 683 1922 omnium
707 1865 944 1942 diligentissimis
963 1865 1103 1923 adnume-

87 1955 197 2013 randas
221 1974 284 2014 esse
306 1956 357 2011 uix
379 1955 538 2028 quisquam
560 1955 723 2030 negauerit.

178 2043 284 2119 Itaque
315 2045 348 2100 in
378 2041 581 2101 Pseudacrone
613 2043 709 2100 multo
742 2042 878 2100 uberiore
911 2061 945 2101 ao
978 2044 1103 2100 certiore

88 2134 135 2190 uti
163 2133 238 2189 mihi
264 2132 351 2190 licuit
378 2133 530 2188 uariarum
558 2132 720 2189 lectionum
748 2133 897 2209 congerie,
926 2150 1017 2206 quam
1044 2132 1104 2190 ista

87 2222 198 2294 fuerat,
221 2239 281 2296 qua
304 2222 430 2294 utraque
453 2220 581 2294 proximi
602 2221 713 2279 saeculi
731 2220 823 2278 editio
842 2219 1003 2292 nitebatur,
1026 2218 1103 2277 Pau-

87 2310 212 2384 lyanam
245 2309 310 2367 dico
344 2299 479 2388 (Scholia
506 2307 673 2367 Horatiana
706 2328 781 2383 quae
814 2308 951 2367 feruntur
977 2308 1103 2367 Acronis

88 2401 120 2456 et
138 2397 363 2473 Porphyrionis,
387 2397 479 2455 editio
503 2416 578 2471 quae
603 2396 756 2455 dicebatur
779 2399 875 2455 altera
893 2396 980 2473 Prag.
1002 2389 1102 2476 1861)

88 2488 120 2544 et
151 2486 387 2544 Hauthalianam
422 2476 561 2564 (Acronis
594 2488 624 2544 et
651 2484 865 2561 Porphyrionis
898 2487 1105 2544 commentarii

87 2577 122 2633 in
154 2573 187 2643 Q.
210 2574 372 2632 Horatium
404 2573 557 2647 Flaccum,
589 2574 633 2632 ed.
663 2574 760 2632 Berol.
792 2566 899 2654 1864).
955 2573 1104 2648 Paulyum

89 2664 170 2721 enim
203 2682 304 2722 omnes
336 2663 432 2721 nostri
464 2662 577 2720 codices
609 2663 763 2721 latuerunt
794 2665 913 2738 praeter
944 2662 1104 2720 admodum

89 2754 239 2810 recentem
271 2753 301 2809 et
332 2750 510 2808 mediocrem
542 2750 652 2808 librum
680 2768 707 2824 c,
739 2751 920 2810 Hauthalius
949 2755 984 2809 ut
1010 2750 1103 2810 bonos

90 2841 211 2915 quidem
234 2840 351 2915 aliquot
373 2839 488 2898 codices
508 2841 594 2897 nouit
612 2838 773 2912 Parisinos,
795 2841 840 2898 ita
859 2843 889 2898 et
907 2841 983 2899 alios
1002 2841 1104 2917 magni

88 2931 235 2988 momenti
256 2927 349 2987 libros
372 2930 406 2985 ut
427 2929 514 2986 erb
536 2946 657 3003 prorsus
680 2929 811 3006 neglexit
829 2931 859 2987 et
877 2948 935 3000 eos,
960 2948 1032 3004 quos
1052 2929 1103 2987 ad·

87 3018 197 3091 hibuit,
215 3019 338 3093 propter
356 3018 502 3074 incuriam
521 3035 605 3074 suam
624 3036 691 3075 cum
709 3016 974 3076 innumerabilibus
988 3017 1102 3076 mendis

88 3107 192 3179 edidit,
216 3108 354 3180 locosque
378 3107 532 3180 corruptos
555 3125 649 3180 paene
672 3125 773 3164 omnes
797 3109 932 3164 autnon
954 3107 1102 3165 intellexit

88 3198 143 3254 aut
166 3197 297 3271 ineptius
320 3195 472 3252 tractauit.

178 3284 241 3342 Nos
274 3302 328 3359 pro
360 3284 475 3358 optimo
507 3282 701 3340 fundamento
731 3281 888 3340 habuimus
917 3283 1048 3341 codicem
1075 3281 1105 3339 A

88 3417 133 3438 =
153 3390 216 3448 cod.
235 3390 340 3447 Horat.
360 3387 529 3446 Parisinum
564 3390 649 3447 7900
677 3387 706 3445 A
737 3407 810 3446 saec.
835 3388 874 3461 X,
912 3407 1037 3462 eumque
1070 3391 1105 3445 ut

86 3482 134 3538 ita
158 3479 255 3537 dicam
278 3480 376 3536 totum
399 3478 482 3553 prelo
505 3477 684 3536 tradidimus
708 3476 918 3550 excudendum,
943 3479 987 3534 ita
1010 3479 1045 3533 ut
1067 3495 1103 3533 ne

86 3568 251 3627 falsissima
285 3566 404 3640 quidem
436 3567 597 3640 scriptura,
629 3567 688 3626 nisi
714 3565 861 3626 librarius
886 3567 957 3644 ipse
985 3581 1129 3622 errorem
