2490 3840
145 186 209 252 160
368 176 371 182 ·
475 184 664 239 nxrcsmo
683 185 720 238 m
740 184 825 239 uon.

232 347 290 422 20.
333 371 423 412 crois
455 372 518 411 ruri
550 347 593 431 n]
640 353 727 412 Vosis
760 331 883 412 uinariis
912 353 950 411 ad
977 355 1040 412 eius
1069 355 1158 430 quasi

87 480 93 493 ·
141 444 269 502 reditum
291 444 460 517 reseruatia
482 445 517 500 ut
541 434 642 523 (Vero,
661 441 734 501 Aeo.
754 442 769 499 I
791 435 881 523 195):

275 567 354 625 Vina
376 567 471 626 bonus
495 585 570 641 quae
593 567 698 625 deinde
722 566 802 625 cadis
826 570 965 626 onerarat
986 566 1109 626 Acestes

106 649 156 806 o(
231 737 290 805 21.
333 761 494 804 onnrvroso
521 739 666 822 mnssrco]
712 744 776 802 Hoc
800 747 845 802 est
867 746 952 819 uino,
983 763 1041 820 quo
1065 763 1155 803 curae

141 833 293 910 pelluntur
311 837 341 892 et
358 833 443 892 labor
460 834 492 890 in
511 833 690 892 obliuionem
710 834 793 891 uenit
813 824 889 913 (sim.
903 826 1032 914 Porcio).
1074 833 1155 892 Mas-

142 916 235 982 sicum
257 942 327 982 uero
350 942 404 998 pro
428 920 579 997 Campano
602 923 703 998 posuit
727 914 805 1003 (ΑΓ
812 921 840 980 V

231 1004 289 1072 22.
328 1029 452 1069 crucam
479 1005 591 1092 nuens]
634 1011 697 1069 Aut
718 1009 922 1069 Alexandrina
943 1030 1045 1087 poma,
1076 1030 1155 1086 quae

140 1100 251 1159 habent
278 1100 388 1160 similia
417 1099 569 1159 colocasiis
597 1100 684 1173 folia,
716 1102 748 1157 in
776 1118 901 1173 quorum
925 1099 1155 1158 similitudinem

90 1203 123 1251 10
141 1190 222 1247 facta
249 1190 355 1266 pocula
384 1189 484 1248 eodem
511 1189 630 1246 nomine
655 1189 845 1265 appellantur
868 1181 916 1269 (ex
938 1180 1072 1269 Perrh),
1101 1193 1156 1247 aut

142 1283 220 1357 certe
249 1298 303 1355 pro
332 1277 405 1337 cibis
432 1279 545 1353 posuit,
577 1280 731 1353 tamquam
759 1277 857 1336 cibum
884 1279 999 1352 poculis
1027 1296 1155 1354 conpen-

141 1369 222 1426 saret
245 1359 360 1447 (AFV
404 1437 406 1441 Ι
545 1366 548 1380 ¹

229 1474 331 1516 arnon
365 1472 513 1514 cnrncrvs
540 1474 568 1514 v.
589 1475 617 1513 n.
638 1450 678 1533 c]
734 1455 799 1514 Hoc
832 1461 889 1515 est:
926 1457 1039 1532 largius
1071 1457 1156 1514 utere

142 1545 280 1603 odoribus
305 1537 383 1626 (AF
389 1544 417 1603 V

90 1647 122 1704 15
232 1626 290 1693 23.
331 1634 375 1692 De
399 1633 516 1691 conchis
541 1624 614 1713 (2)]
661 1632 781 1692 Echinis
815 1627 1021 1713 [concharum]
1051 1625 1152 1713 (erp

232 1721 357 1781 Oonchis
381 1721 551 1779 echinorum
575 1713 607 1801 (y

230 1828 298 1876 Qvls
326 1804 403 1888 voc]
445 1804 548 1878 ‘Quis’
572 1811 820 1886 interrogatiuum
847 1814 904 1886 est,
936 1810 987 1870 sed
1010 1829 1078 1869 cum
1100 1830 1151 1869 ex·

141 1900 309 1957 hortatione
336 1899 452 1957 dicitur.
500 1892 596 1956 ‘Vdo’
625 1918 694 1957 uero
722 1899 790 1973 apio
813 1901 916 1974 uiridi,
943 1899 991 1958 uel
1015 1898 1095 1974 quod
1118 1900 1152 1956 in

141 1988 213 2047 locis
246 1989 364 2062 aquosis
395 1988 528 2045 nascitur
560 1980 608 2068 (ex
639 1980 768 2067 Porcia).
829 1987 943 2048 Corona
976 1989 1055 2046 enim
1087 1990 1152 2063 apii

87 2090 122 2138 20
141 2077 315 2135 ebrietatem
337 2075 446 2134 dicitur
467 2074 630 2151 prohibere,
652 2080 687 2134 ut
710 2081 754 2135 est
778 2069 879 2157 (Vero.
899 2078 945 2136 ecl.
967 2078 996 2150 6,
1016 2069 1087 2156 68);

274 2201 373 2276 Atque
395 2200 464 2276 apio
487 2201 575 2258 crinis
599 2204 720 2259 ornatus
744 2220 845 2260 amaro
869 2193 948 2281 (ΑΓ
954 2202 982 2259 V

231 2335 289 2402 24.
324 2337 561 2420 nneeornrmnn]
604 2342 790 2401 Festinanter
814 2344 917 2403 afferre
941 2335 1020 2424 (AF

231 2424 289 2491 25.
313 2450 397 2497 ovam
419 2449 517 2491 versvs
539 2450 696 2490 nncrravnr
719 2451 747 2489 n.
767 2426 810 2511 rs]
832 2432 1040 2508 Archiposiam
1058 2433 1152 2509 signi-

141 2520 212 2579 ficat
243 2524 273 2579 et
303 2524 480 2579 tesserarum
511 2521 592 2579 iactu
625 2520 727 2579 datum
758 2523 791 2578 in
821 2521 947 2580 bibendo
978 2523 1155 2596 primatum.

89 2624 123 2671 25
141 2610 284 2669 Venerius
313 2613 411 2668 autem
438 2611 533 2668 iactus
556 2609 719 2668 latissimus
747 2609 912 2684 dicebatur,
943 2612 994 2684 qui
1021 2609 1156 2669 habebat

142 2700 333 2758 tricenarium
355 2717 510 2755 numemm
534 2689 646 2778 (APV
661 2715 736 2756 cous.
755 2698 860 2770 Porph.

232 2780 290 2847 26.
326 2805 388 2845 non
410 2804 472 2844 nco
496 2780 615 2864 eamve]
656 2787 724 2844 Non
747 2786 841 2845 leuius
866 2779 932 2866 (Ay

160 2919 161 2924 κ
226 2868 450 2952 127.n1>0u11s]
492 2875 655 2933 Thracibus
678 2874 803 2933 Bacchis
827 2874 906 2952 (As
914 2876 941 2935 V
1031 2866 1033 2873 ’

233 2957 290 3024 28.
314 2957 447 3041 rosana]
476 2963 539 3021 Aut
553 2964 666 3021 ebrium
681 2982 742 3023 esse
757 2967 809 3022 aut
824 2967 900 3022 certe
916 2964 1025 3023 saltare
1042 2957 1154 3044 (APV

233 3156 248 3203 3
267 3150 385 3221 acestes]
404 3167 454 3204 om.
470 3152 497 3203 A
594 3154 609 3201 5
629 3165 693 3203 cure
712 3151 739 3203 A
835 3156 867 3203 13
887 3149 1018 3219 capacius
1037 3153 1065 3204 A
1083 3168 1154 3205 corr.

142 3229 174 3276 ut
191 3221 283 3276 mais
296 3221 447 3290 capacibus
466 3223 493 3275 A
507 3239 552 3289 pr.
647 3227 678 3274 15
699 3221 878 3293 concharum]
898 3223 1010 3276 inclusit
1029 3222 1066 3275 K.
1088 3238 1154 3274 con-

142 3308 239 3346 oerum
246 3310 266 3362 p
322 3295 432 3361 17sety
487 3291 681 3362 hlcrinisAc]
693 3293 781 3345 crines
792 3295 865 3362 PVp
920 3292 1155 3361 23archiposiam

144 3364 244 3435 Pch]
264 3363 434 3432 arciposiam
457 3365 484 3418 A
516 3363 694 3431 archiposian
716 3365 829 3432 Porpb„
927 3369 960 3416 24
983 3365 1155 3417 tesseramm

138 3436 220 3505 Pep]
238 3440 379 3507 cesseram}
398 3436 426 3490 A
446 3436 554 3492 tesseris
577 3435 604 3488 V
