2490 3840
90 174 117 228 X
492 173 696 228 PRAEFATIO

89 337 314 419 ‘conparauit’3
345 341 373 401 V
392 344 493 400 utrum
517 336 723 419 ‘conparauit'
747 361 786 401 an
810 337 1026 419 ‘comparauit’
1050 344 1100 402 uel

88 433 268 508 ineptiorem
291 431 424 505 aliquam
446 431 604 491 lectionem
627 431 775 505 exhibeat,
805 448 865 490 non
887 431 1022 491 diximus.

179 517 304 578 Omnem
325 521 453 594 textum,
481 521 580 595 quoad
601 519 667 579 fieri
687 521 800 596 potuit,
828 520 866 578 ad
889 521 1098 579 auctoritatem

87 607 160 667 libri
182 606 212 667 A
233 607 449 668 restituendum
472 628 534 669 esse
556 608 717 669 censebam.
763 608 859 669 Huius
882 610 973 669 solius
997 627 1098 669 omnes

87 697 179 756 attuli
201 698 351 771 lectiones,
374 716 408 756 ex
431 699 536 758 ceteris
560 717 633 773 quas
655 709 826 758 ueras'esse
845 698 915 756 duxi
932 700 965 756 in
983 699 1098 756 textum

88 786 209 862 admisi;
242 805 441 862 quascumque
472 789 590 863 praeter
617 805 666 846 eas
693 788 859 846 memoratu
886 787 991 865 dignas
1019 785 1098 860 duxi,

89 894 139 935 eas
169 876 202 934 in
235 879 381 951 apparatu
413 877 516 934 unitim
544 877 723 937 onumeraui.
768 874 834 935 Hoc
861 879 962 935 autem
988 877 1097 934 iterum

88 965 236 1023 monitum
258 965 358 1038 uelim,
381 983 417 1023 ne
440 983 530 1023 unam
553 964 673 1039 quidem
694 965 828 1024 litteram
850 984 869 1024 a
890 983 938 1023 me
959 965 992 1023 in
1014 965 1097 1024 echo·

88 1053 198 1112 liorum
220 1056 335 1112 textum
357 1055 506 1128 receptam
528 1071 599 1127 esse,
621 1054 681 1113 nisi
703 1071 738 1112 ea
759 1055 793 1112 in
814 1072 873 1113 uno
892 1054 1024 1112 alteroue
1042 1054 1098 1111 mi-

87 1143 203 1222 nimum
226 1161 327 1201 eorum
350 1141 483 1200 codicum
504 1141 618 1201 tradita
641 1144 693 1216 sit,
717 1161 790 1217 quos
812 1144 845 1201 in
867 1143 1097 1216 uniuscuiusque

87 1229 195 1290 scholii
216 1227 274 1289 fine
297 1231 463 1306 nominaui,
489 1232 514 1290 ii
535 1249 620 1306 uero,
648 1232 791 1306 quiante
814 1250 868 1291 nos
890 1231 963 1290 haec
985 1230 1098 1291 scholia
1165 1305 1167 1309 y

88 1317 256 1392 ediderunt,
290 1318 446 1395 permultis
476 1320 550 1379 locis
582 1321 645 1380 sine
672 1320 733 1379 ullo
762 1319 899 1397 scrupulo
927 1322 980 1379 aut
1007 1319 1097 1379 adno—

88 1408 203 1467 tatione
226 1408 259 1466 in
280 1409 364 1467 textu
388 1408 502 1483 aliquid
524 1407 645 1468 reddere
668 1408 811 1483 solebant,
836 1407 915 1484 quod
933 1428 969 1468 ne
987 1410 1020 1467 in
1038 1428 1096 1467 uno

89 1495 208 1571 quidem
229 1495 306 1556 libro
329 1499 531 1574 manuscripto
554 1498 671 1576 legitur.

176 1585 282 1645 Restat
313 1590 348 1645 ut
378 1585 625 1646 bibliothecarum
654 1587 831 1660 Vaticanae,
863 1585 1097 1664 Bambergensis,

88 1672 240 1748 Halensis,
271 1671 437 1751 Parisinus,
468 1674 633 1750 Leidensis,
660 1675 857 1750 Monacensis,
884 1674 1097 1748 Dessauiensis,

87 1759 388 1838 Wolfenbuttelanae,
411 1763 661 1839 Leeuwardensis,
683 1764 841 1842 Pragensis
863 1765 1021 1840 praefectis
1043 1763 1096 1821 hu·

88 1852 268 1912 inanissimis
294 1872 329 1912 ex
352 1855 445 1912 animi
467 1855 615 1913 sententia
638 1855 750 1932 gratias
773 1871 896 1931 agamus
920 1872 1009 1929 quam
1031 1853 1097 1928 plu-

87 1940 192 2016 rimas3
223 1942 256 2000 in
288 1960 376 2018 opero
406 1944 471 2018 ipso
504 1944 534 2001 et
566 1941 681 2001 difficili
713 1944 743 2001 et
774 1943 913 2000 diuturno
946 1960 1012 2000 cum
1044 1942 1098 1999 alii

88 2026 253 2106 complures
280 2030 489 2109 benignissime
516 2049 564 2089 me
592 2030 770 2091 adiuuerunt
793 2032 895 2106 amici,
922 2032 987 2088 tum
1009 2031 1096 2107 longe

87 2120 215 2178 maxime
239 2120 371 2178 omnium
393 2119 532 2179 Alfrodus
555 2119 675 2179 Holder.

177 2207 214 2266 In
236 2209 362 2268 secundo
386 2208 536 2268 uolumine
560 2208 684 2268 edentur
706 2209 818 2268 scholia
836 2202 874 2266 Γ
881 2207 909 2266 V
928 2206 967 2265 ad
988 2225 1096 2265 sermo-

88 2315 153 2370 nes,
185 2298 327 2373 epistulas
356 2300 508 2373 artemque
534 2299 682 2374 poeticam
709 2297 902 2373 pertinentia,
930 2294 1039 2354 additis
1067 2297 1098 2353 et

88 2384 236 2446 indicibus
264 2390 294 2446 ct
318 2386 491 2463 appendice,
522 2405 581 2461 qua
603 2388 718 2464 glossae
742 2404 817 2461 quae
839 2387 985 2443 uocantur
1007 2383 1097 2442 inter-

88 2469 230 2534 lineariae
253 2479 283 2535 Γ
301 2477 417 2552 aliquot
440 2477 628 2536 continentur
650 2473 908 2534 memorabiliores.
