2490 3840
141 192 185 254 40
475 190 664 266 aurosum
683 191 722 243 m
740 191 824 246 aon.

233 351 290 417 19.
320 375 481 416 claranus
513 352 620 436 vacvr]
662 359 771 417 Amore
804 361 904 433 uacui,
935 361 991 418 hoc
1023 364 1068 418 est
1094 381 1154 420 non

142 452 275 506 amantes
300 448 329 504 et
352 447 447 504 securi
471 438 558 526 (AF
569 438 710 527 (rondes)

230 535 323 593 *Siue
348 536 419 609 quid
442 536 557 592 urimur
580 527 666 616 (cp)]
689 535 771 594 Idest
794 535 908 612 aliquid
932 556 1078 611 amamus;
1102 539 1154 612 qui

141 626 220 682 enim
244 626 333 698 amat,
357 625 454 681 uritur
478 615 529 703 (Γ
541 616 629 704 (νον)
645 641 687 697 cp
1146 626 1148 630 ‘

106 724 121 770 5
231 729 298 770 srva
331 730 405 777 ovio
438 731 556 771 vmmva
587 730 648 769 nou
681 730 822 769 1111111
855 730 877 769 s.
897 707 939 790 n]
987 712 1045 770 Seu
1076 715 1153 772 forte

141 804 287 875 amantea,
316 805 346 858 et
369 801 499 859 ostendit
522 801 602 859 omni
626 818 655 858 se
678 803 824 875 tempore,
852 820 905 858 seu
929 804 1078 860 amantem
1101 820 1153 859 scu

140 908 200 947 non
223 893 381 963 amantem,
404 889 435 946 id
458 889 550 947 studii
572 889 680 947 habere
705 881 791 969 (AF
802 881 890 970 (νον)
906 907 948 962 cp

229 976 331 1036 *Ordo
364 981 421 1036 est:
459 979 521 1036 siue
553 996 613 1036 non
644 972 804 1054 pr<a>eter
833 979 954 1036 solitum
977 978 1056 1037 leues
1081 979 1153 1053 quid

140 1067 253 1123 urimur
278 1059 381 1147 (coep

88 1166 120 1212 10
231 1147 288 1213 20.
312 1154 402 1212 *Non
421 1155 499 1212 enim
516 1156 635 1230 praeter
653 1154 773 1211 solitum
793 1155 868 1212 leuis
887 1157 932 1213 est
951 1149 1018 1233 [qui
1031 1149 1152 1232 uritur],

140 1242 210 1299 dum
234 1244 314 1301 omni
337 1246 469 1317 tempore
493 1244 532 1301 sit
554 1245 725 1301 inconstans
749 1235 1004 1324 F'(rcv)ccoas.
1014 1262 1038 1316 p

229 1325 339 1408 cavas]
375 1331 428 1388 Nil
452 1333 636 1389 constantiae
659 1331 779 1405 habens,
804 1351 879 1407 quae
904 1334 948 1390 est
971 1332 1153 1390 consuetudo

140 1420 321 1478 amatoribus
347 1410 433 1499 (ΑΓ
444 1411 532 1500 (νον)
548 1437 623 1478 coac.
638 1437 680 1492 cp

551 1788 668 1848 olan.
688 1791 703 1847 I
724 1792 741 1847 7

402 1943 458 2026 [nn
481 1966 641 2008 nvuarrvu
665 1967 808 2007 cumcun
833 1943 889 2031 (A]

227 2108 354 2147 unravu
387 2107 558 2148 uaaorcvu:
590 2109 701 2150 ramus
734 2109 849 2150 vaasvs
883 2110 1049 2149 suanacas
1081 2109 1151 2166 asu3

140 2195 274 2243 saovuns
297 2196 378 2237 vano
398 2197 605 2236 susannense
623 2197 679 2237 asu
699 2198 737 2236 nr
756 2197 922 2239 amaracus
942 2197 1152 2255 1111111111,

140 2285 178 2324 uo
202 2284 285 2331 oron
308 2286 348 2324 nx
371 2286 418 2324 1111
440 2285 570 2325 ranmvs
589 2285 713 2326 rucuma
734 2285 871 2325 consum
889 2285 1004 2326 vaasvs
1025 2286 1152 2326 unnorcr

140 2348 227 2436 (Aru
242 2373 317 2413 coac.
332 2373 374 2428 cp

85 2454 120 2502 20
230 2436 262 2503 1.
286 2462 470 2503 cernamur
489 2462 553 2502 aun
572 2462 696 2502 canaan
713 2437 855 2521 arronon]
878 2444 1047 2502 Munatium
1062 2445 1150 2502 Plan-

140 2550 206 2589 cum
239 2533 402 2607 alloquitur
430 2533 614 2592 consularem
640 2533 740 2590 uirum
768 2533 922 2591 Tiburtem
950 2533 1088 2607 oriundo,
1120 2537 1149 2591 in

139 2622 221 2679 cuius
249 2623 378 2698 gratiam
406 2622 492 2695 dicit,
520 2641 588 2679 cum
616 2622 740 2679 diuersis
768 2623 864 2696 poetis
889 2622 1020 2679 studium
1044 2622 1084 2679 sit
1107 2623 1149 2679 di-

138 2728 238 2768 uersas
265 2711 378 2768 insulas
406 2710 574 2785 oppidaque
602 2713 748 2768 certorum
775 2711 931 2766 numinum
955 2712 1054 2786 gratia
1077 2711 1151 2768 cele-

138 2797 224 2856 brare
248 2799 440 2872 carminibus,
472 2797 530 2855 sibi
553 2794 736 2875 †Tiburtem
760 2815 822 2856 esse
844 2799 1040 2873 laudandam,
1069 2801 1152 2857 ouius

228 2989 243 3036 3
262 2983 347 3052 idest]
367 3000 417 3036 om.
432 3000 467 3035 ro
558 2987 573 3034 8
593 2982 653 3035 siue
672 2982 724 3051 αν]
745 2998 793 3035 seu
810 3000 847 3051 cp
939 2990 971 3037 10
991 2984 1040 3053 qui
1060 2984 1151 3038 uritur

138 3073 198 3108 rece
213 3071 262 3107 om.
278 3071 315 3120 cp
389 3057 421 3105 12
440 3051 546 3104 habens
559 3053 598 3122 A]
618 3052 754 3106 habentes
773 3060 830 3107 cett.
905 3061 936 3107 17
951 3057 1029 3125 nero]
1045 3058 1075 3108 ct
1088 3057 1115 3108 A

138 3124 265 3176 fallisous
283 3123 340 3192 Ac]
365 3121 481 3175 faliscus
500 3141 515 3176 r
537 3123 653 3177 falcicus
672 3144 688 3177 ν
707 3124 850 3192 phaliscus
865 3143 900 3192 p,
926 3128 1040 3180 scribere
1059 3128 1152 3179 debuit

138 3193 304 3247 Phalaecius
377 3193 518 3262 apellatur
536 3195 564 3247 A
645 3201 677 3247 21
698 3195 833 3250 tiburtem
851 3198 932 3266 Aac]
953 3197 1097 3264 tyburtem
1115 3216 1151 3251 ro

138 3264 244 3318 tiburte
263 3282 303 3332 ep
339 3264 457 3317 oriundo
472 3267 593 3336 Arcce]
615 3267 764 3320 oriundum
782 3285 831 3336 cp,
850 3269 885 3333 cf.
896 3270 975 3322 schol.
990 3286 1012 3322 c.
1024 3271 1101 3333 127,
1116 3274 1149 3321 11

174 3341 207 3387 22
232 3335 354 3404 gratiam
376 3336 478 3405 Arcp]
503 3337 596 3405 gratia
619 3356 680 3393 cve
751 3344 785 3390 24
808 3338 943 3392 tiburtem
965 3340 1042 3393 codd.
1064 3338 1152 3391 Tibur

138 3406 200 3459 edit.
220 3413 272 3459 oet.
292 3406 437 3460 Tiburtem
456 3407 602 3462 ciuitatem
620 3412 678 3463 sinc
696 3426 726 3462 re
749 3409 840 3462 'onem
858 3410 986 3463 Hcctbcl
1005 3410 1151 3462 Tiburtem

137 3476 236 3530 urbem
249 3479 343 3547 Pauly
414 3479 587 3533 laudandam
604 3481 716 3550 rccvc]
747 3480 851 3583 audam
863 3482 891 3533 A
909 3480 1084 3533 laudandum
1093 3497 1116 3548 p

139 3548 217 3602 cuius
232 3581 266 3588 -
280 3549 437 3620 telamonii]
458 3567 507 3604 om.
523 3570 539 3603 v
776 3572 779 3595 ι
