2490 3840
142 199 197 264 82.
473 200 662 255 EXPOSITIO
681 201 721 255 IN
738 201 822 256 HOR.

229 386 291 426 uou
322 386 384 427 noo
417 388 455 427 nu
489 386 624 427 canorus
656 387 813 429 nussnuuv
844 389 862 428 1.
892 365 934 449 a]
990 369 1153 430 Bassareus

142 458 237 516 dietus
265 459 309 516 est
332 456 422 517 Liber
448 461 533 534 pater
556 477 574 517 a
597 478 701 536 genere
729 461 820 518 uestis
843 458 1040 534 Baccharum,
1073 460 1153 519 unde

141 550 171 605 et
201 545 336 606 Bacchae
368 546 539 606 Bassaridas
572 547 668 607 diotae
700 540 750 628 (ea
767 539 895 628 Porpt).
941 547 1041 607 Vestis
1073 548 1153 607 enim

141 653 232 712 genus
256 637 415 710 estusque
439 636 476 694 ad
499 636 587 713 pedes
611 637 757 710 dimissae,
783 637 863 696 diota
886 656 904 694 a
927 636 1064 710 Bessara,
1087 639 1152 697 loeo

106 723 267 800 5Lydiae‚
298 724 351 782 ubi
381 724 422 783 fit.
469 726 536 783 Tali
568 727 647 784 euim
679 727 710 784 et
740 728 863 784 numina
894 726 940 784 uti
967 728 1085 801 uolunt,
1118 729 1154 784 ut

141 805 244 893 (Vero.
263 811 337 872 Aen.
355 813 371 872 I
389 815 462 874 404.
483 807 575 896 405):

433 937 525 998 Pedes
548 941 640 998 uestis
664 938 785 998 defluxit
808 938 943 998 adimes

300 1026 341 1085 Et
362 1044 433 1085 uera
456 1027 571 1086 incessu
594 1027 694 1104 patuit
717 1028 772 1087 dea
795 1020 960 1108 (Asofop

231 1160 288 1227 12.
312 1188 440 1228 mvluvu
463 1164 614 1248 evermu]
652 1168 734 1229 Idest
756 1189 815 1229 nou
837 1170 905 1245 plus
927 1169 1037 1244 bibam,
1061 1189 1152 1244 quam

89 1267 122 1316 10
141 1259 258 1332 oportet
281 1250 380 1339 (APo
393 1275 469 1317 coos.
484 1276 498 1316 c
502 1278 526 1332 p

228 1381 287 1422 uuo
320 1382 421 1423 vanus
452 1383 561 1423 ous1uu
589 1383 760 1425 uaounmvs
789 1383 845 1424 svn
872 1384 970 1424 u1vvn
997 1359 1039 1443 u]
1086 1364 1152 1425 Hoo

136 1455 196 1517 est:
219 1471 279 1511 non
302 1472 410 1512 aroana
433 1458 558 1514 naturae
581 1455 630 1512 uel
653 1475 728 1530 quae
752 1455 846 1514 oelare
869 1457 924 1529 uis,
947 1455 979 1512 in
996 1453 1151 1529 publicum

139 1541 301 1617 proferam,
331 1545 361 1601 et
387 1545 455 1602 uult
481 1563 534 1618 per
562 1543 733 1621 allegoriam
761 1545 896 1620 intellegi
919 1562 949 1601 se
971 1562 1024 1618 per
1047 1543 1151 1601 uiuum

139 1633 251 1691 secreta
273 1650 332 1690 nou
354 1632 478 1706 prodere
502 1624 600 1711 (Asa
614 1650 689 1691 eoas.
704 1650 719 1690 e
722 1652 746 1705 p
764 1633 869 1705 Porpla

87 1745 120 1794 16
230 1728 288 1798 13.
325 1737 424 1797 *Tene
449 1731 514 1820 (p)]
561 1738 642 1798 Idest
669 1741 745 1798 siout
772 1741 803 1796 in
825 1738 1021 1813 Berecynthio
1049 1741 1150 1799 moute

41 1902 44 1909 Ι
137 1826 309 1902 reprimitur
337 1825 462 1886 ebrietas
490 1848 543 1903 per
568 1828 702 1887 misteria
728 1828 833 1886 matris
861 1828 960 1901 deum,
993 1828 1035 1885 sio
1059 1831 1089 1886 et
1115 1830 1150 1884 tu

97 1944 100 1948 ·
137 1913 264 1991 reprime
288 1906 352 1995 (Γα
366 1932 441 1974 coris.
455 1934 470 1974 o
474 1935 498 1989 p

226 2038 306 2078 naun
344 2039 406 2080 ovu
442 2040 626 2081 auunculum
664 2040 764 2082 eonuv
801 2015 951 2099 annulus]
1005 2021 1150 2080 Precatur

137 2105 286 2183 Liberum,
308 2113 343 2168 ut
365 2113 516 2170 contineat
539 2111 575 2169 ab
598 2131 631 2170 eo
650 2113 758 2170 luroris
776 2113 978 2185 incitamenta,
1002 2130 1077 2186 quae
1096 2131 1150 2186 per

86 2208 120 2255 20
139 2215 169 2255 se
191 2198 258 2272 ipsa
280 2199 428 2258 insaniam
450 2200 614 2259 accendunt
637 2196 686 2280 (ea
707 2193 836 2282 Ponit),
860 2204 894 2259 ut
912 2200 943 2258 in
960 2199 1149 2258 Bereointhio

139 2289 238 2345 moute
265 2306 319 2364 per
340 2287 473 2347 misteria
495 2289 600 2348 matris
624 2289 723 2364 deum3
750 2309 819 2348 nam
842 2292 1052 2364 tympanorum
1075 2291 1148 2348 stre·

138 2376 234 2450 pitum
257 2395 310 2450 pro
334 2376 476 2436 ebrietate
499 2379 600 2453 posuit
623 2370 744 2458 (Asos
752 2396 827 2437 coos.
841 2396 856 2436 c
860 2397 884 2451 p

228 2477 358 2561 cuncus]
404 2483 462 2543 Per
489 2484 662 2544 ebrietatem
685 2487 799 2544 nescius
823 2488 869 2544 sui
892 2478 1001 2565 (ΑΓΒ
1016 2501 1090 2542 eoae.
1105 2502 1149 2558 op

230 2582 287 2649 lb.
323 2609 449 2650 vaovvui
475 2587 645 2670 voauionu]
691 2591 810 2650 Vanum
835 2593 906 2650 uino
928 2593 977 2650 uel
999 2593 1066 2666 plus
1090 2591 1148 2649 sibi

86 2689 118 2735 25
139 2677 307 2755 adrogando
336 2671 425 2761 (eoas,
439 2674 559 2762 Porph.)
587 2701 697 2739 uanum
725 2673 873 2761 (AF(ro)
883 2681 1010 2754 paulam
1027 2683 1090 2738 sim.
1105 2698 1120 2738 e
1123 2699 1148 2753 p

228 2937 394 2989 lbasareus
413 2958 431 2989 α
526 2938 649 2992 3baohe
669 2941 696 2993 A
768 2939 843 2992 dicte
862 2942 888 2993 A
978 2939 1099 3007 Apodee
1119 2942 1149 2993 et

138 3006 254 3079 dimisse
268 3010 294 3059 A
312 3008 398 3076 pedes
418 3009 534 3063 dimissa
547 3011 617 3076 Pas
684 3017 699 3062 ὁ
718 3009 795 3078 lydia
810 3012 837 3064 A
892 3013 920 3063 et
938 3011 1065 3082 numina]
1080 3027 1147 3064 enu-

137 3077 214 3130 mina
233 3081 260 3132 A
360 3084 392 3131 10
412 3081 522 3148 oportet
540 3085 567 3134 Γ
568 3082 618 3204 ae]
637 3082 766 3149 oporteat
785 3084 835 3149 Ap
936 3088 966 3134 12
987 3098 1089 3135 aroana
1106 3083 1145 3152 A]

138 3149 260 3202 archana
275 3152 321 3202 Γα
375 3153 476 3204 uatrua
490 3153 518 3206 A
571 3153 629 3223 ue]
644 3170 721 3207 omo
795 3153 1018 3220 nebereeynthio
1028 3155 1055 3225 r]
1068 3153 1147 3207 bere-

138 3219 244 3273 cinthio
263 3237 345 3289 yoep
418 3227 451 3276 18
469 3224 599 3290 precatur
612 3254 646 3262 -
661 3223 690 3275 iu
708 3223 783 3294 ben]
802 3224 877 3277 idest
895 3225 967 3277 sieut
985 3226 1076 3278 inber:
1092 3246 1110 3277 α

138 3295 171 3342 19
186 3307 236 3358 per
254 3306 284 3344 se
302 3291 365 3360 ipsa
379 3293 429 3364 K]
444 3310 474 3347 se
487 3295 586 3363 ipeaA
605 3301 630 3348 et
648 3296 848 3365 Porphyrionis
867 3297 970 3350 codices
988 3313 1017 3350 se
1035 3296 1098 3365 ipsa
1112 3299 1147 3364 ps

124 3361 1147 3508 atiprtattlrtffll1illiseruntAttollat}

104 3495 210 3550 JVOJV
216 3505 376 3562 ΕΧΓΑΤ
387 3510 496 3583 acholy
552 3516 650 3568 atrum
663 3509 805 3566 uortioem
818 3527 857 3564 oa
867 3510 1005 3562 uertioem
1013 3512 1111 3563 tabeat
1124 3513 1150 3563 A

78 3574 199 3619 staram
219 3574 315 3640 liquet
