2490 3840
372 242 556 299 SIGLORVII
575 243 803 299 CONSPIICTVS
1029 245 1094 300 XIII

83 403 182 476 <>=
198 421 270 472 quae
289 404 387 458 addita
406 407 471 458 sunt
490 405 525 458 ab
545 405 659 459 editore.

92 494 103 563 [
121 494 132 564 ]
147 521 180 538 =
196 510 268 560 quae
286 493 458 562 interpolata
475 493 615 548 uidentur.

116 586 181 647 †=
196 582 273 635 locus
292 581 416 635 nondum
435 584 558 636 sanatus.

118 671 179 715 *=
195 671 358 725 asteriscum
385 672 612 741 praeponendum
640 672 773 726 curabam
796 672 831 725 iis
855 671 982 738 scholiis,
1010 688 1091 741 quae,

195 758 365 812 quamquam
387 760 439 797 nec
462 743 492 796 in
510 745 538 798 A
556 760 608 797 nec
626 744 656 797 in
681 744 707 796 V
721 743 827 797 tradita
846 745 923 808 sunt,
947 744 1091 797 tamenin

194 813 268 866 hunc
286 814 389 867 librum
406 815 512 883 recepi:
539 815 614 883 quod
633 814 747 883 quidem
765 815 877 884 signum
896 815 1004 883 aliquot
1021 814 1091 868 locis

194 901 228 938 ex
246 902 418 955 superuacuo
438 886 567 940 additum
585 902 645 940 esse
663 885 693 954 pi
714 887 751 952 et,
770 886 878 938 scilicet
896 885 926 938 in
943 886 1091 1009 principiis

196 957 351 1010 carminum
374 960 440 1012 ante
462 974 560 1011 nocem
577 956 681 1009 METR
754 974 781 1025 p.
797 961 927 1010 {ss-112.
965 955 1019 1010 Sed

194 1044 224 1082 re
242 1029 382 1082 neminem
400 1028 462 1082 falli
481 1045 644 1097 persuasum
662 1027 732 1081 mihi
751 1028 849 1081 habeo.

195 1116 226 1169 in
249 1117 422 1170 sermonibus
446 1118 475 1171 et
498 1119 557 1170 arte
580 1117 691 1185 poetica
713 1116 896 1185 praeponitur
917 1115 953 1169 iis
977 1115 1090 1169 scholiis

195 1203 267 1256 quae
285 1189 464 1241 continentur
482 1187 565 1256 v(uel
580 1186 625 1256 P‘)
637 1189 698 1252 Vct.
736 1187 797 1241 Hac
815 1187 976 1242 recensione
994 1187 1024 1239 in
1042 1203 1091 1240 uo·

194 1257 299 1312 lumine
317 1258 343 1311 H
361 1259 468 1312 nullam
486 1259 644 1312 innenimns
663 1259 854 1313 uetustiorem.
889 1257 934 1311 Ad
952 1257 1091 1313 'Ilieotisti

194 1330 370 1398 grammatici
390 1330 558 1398 discipulum
577 1330 718 1398 quendam
732 1329 926 1397 Priscianique
945 1328 1091 1398 aequalem

193 1398 368 1454 referendam
387 1417 449 1454 eam
463 1417 523 1454 esse
538 1417 571 1454 ex
585 1401 670 1454 schol.
686 1418 765 1455 serm.
781 1401 794 1454 I
808 1407 832 1465 5,
848 1406 881 1453 97
896 1401 1089 1468 comperimus.

195 1469 285 1525 Schol.
302 1469 421 1536 P'chc
438 1488 517 1526 serm.
532 1471 545 1524 I
559 1479 584 1539 5,
599 1478 645 1525 9⁷:
673 1473 739 1526 Bari
762 1471 885 1542 moenia]
917 1470 1024 1524 Ciuitas
1047 1474 1091 1526 est

194 1558 266 1609 quae
284 1543 398 1596 Atbaris
422 1543 537 1610 dicium,
560 1545 593 1596 ut
611 1542 684 1597 dixit
701 1543 901 1614 grammaticus
920 1542 1089 1596 Theotistns.

193 1612 327 1667 Priscian.
342 1613 431 1667 XVIII
446 1621 470 1679 5,
485 1620 518 1668 56
537 1632 564 1683 p.
581 1614 689 1668 231H.:
713 1613 796 1668 Teste
815 1613 1023 1682 sapientissimo
1042 1614 1090 1667 do-

194 1685 269 1738 mino
297 1687 326 1739 et
352 1686 465 1739 'doctore
490 1702 552 1739 meo
576 1685 733 1752 Theotimo,
762 1685 838 1754 quod
859 1685 890 1738 in
912 1684 1090 1739 institutione

195 1757 263 1808 artis
295 1757 495 1826 grammaticae
523 1756 612 1811 docet.
664 1755 704 1810 cf.
738 1757 825 1810 etiam
853 1755 938 1809 schol.
964 1761 978 1821 5
1008 1772 1087 1810 serm.

194 1827 245 1894 19,
261 1831 306 1881 ⁷6:
329 1827 374 1880 Sic
388 1827 500 1881 Seruius
515 1828 651 1898 magister
664 1828 800 1897 exposuit.
833 1827 906 1896 Ergo
921 1826 1090 1880 scholiorum

194 1921 209 1981 ξ
228 1918 370 1971 auctorem
388 1917 499 1971 saeculo
518 1906 617 1971 V-VI
634 1916 740 1970 uixisse
759 1915 887 1970 efficitur.

1059 973 1092 1010 80

147 2066 261 2144 Pragae
284 2068 378 2127 Nonis
401 2068 477 2127 Mais
503 2069 596 2126 1902.

816 2159 853 2214 0.
876 2158 999 2214 Keller.
