2490 3840
140 184 205 248 114
470 181 659 238 EXPOSITIO
678 181 718 236 IN
736 181 820 236 Hoc.

138 353 284 430 templum
303 354 335 410 in
353 352 471 411 Palatio
490 350 641 410 dedicauit
658 351 819 429 Augustus,
842 349 960 410 sedhic
978 351 1153 427 Apollinem

137 460 194 519 pro
220 442 334 517 templo
356 440 505 517 Apollinis
531 441 645 517 posuit,
673 443 704 498 et
728 439 877 518 significat
899 439 1077 498 modestiam
1099 459 1153 500 uo·

139 536 238 590 torum
261 549 395 605 suorum,
419 548 531 606 negans
555 529 592 587 ab
615 521 772 605 Apolline,
794 547 870 604 quae
895 527 933 587 ad
955 527 1153 605 cupiditatem

140 624 194 679 aut
212 620 373 678 auaritiam
391 621 532 695 spectent,
556 622 666 694 petere,
689 617 741 677 sed
758 618 867 677 bonam
885 620 1016 676 mentem
1029 618 1152 677 bonam·

104 720 198 785 sque
234 709 366 784 corporis
402 727 494 782 usque
528 708 566 765 ad
589 710 770 766 senectutem
802 706 1004 765 ualetudinem
1035 708 1154 781 precari

140 816 208 856 oum
240 798 333 873 lyrico
365 796 472 856 studio.
518 795 647 854 Putatnr
673 799 774 855 tamen
801 795 882 855 domi
909 814 979 854 suae
1007 794 1153 855 Horatius

140 886 312 962 Apollinem
335 885 494 960 dedicasse,
517 885 556 943 ad
579 904 668 960 quem
688 885 744 944 hoc
768 884 871 943 scribit
894 875 1026 963 (AFuV

231 967 265 1035 2.
290 967 324 1034 3.
360 992 403 1031 nn
430 992 551 1032 Pinnas
578 991 683 1033 uovvu
710 990 849 1032 sunnam
876 967 1049 1052 movoaan]
1090 972 1155 1032 Aut

139 1081 200 1122 non
235 1066 335 1138 uetus,
370 1066 405 1121 ut
441 1062 511 1122 deos
547 1081 607 1122 non
643 1063 797 1138 exquisitis
833 1061 1004 1120 muneribus
1038 1062 1154 1138 placari

88 1164 122 1212 10
140 1153 333 1229 monstraret,
361 1155 414 1210 aut
441 1155 518 1210 certe
546 1172 599 1228 per
626 1151 705 1227 quod
732 1169 811 1210 noua
838 1149 1062 1210 instaurabatur
1086 1170 1153 1227 pre·

140 1242 233 1316 catio,
268 1258 339 1299 nam
376 1244 406 1299 et
441 1241 539 1316 ipsum
576 1259 688 1300 morem
720 1239 905 1300 sacrificandi
938 1239 1082 1314 ostendit,
1119 1243 1155 1298 ut

141 1322 244 1411 (Vera.
263 1327 337 1390 Aen.
357 1329 419 1388 ΠΠ
439 1321 509 1411 60):

301 1453 371 1530 Ipsa
393 1457 496 1514 tenens
520 1452 623 1511 dextra
645 1457 781 1529 pateram
805 1446 937 1534 (APcV

231 1589 265 1657 3.
290 1590 461 1673 onm<s>a]
491 1594 613 1671 Pinguis
637 1599 668 1653 et
690 1596 798 1654 fertilis
821 1596 852 1653 in
875 1595 1032 1654 bumentia
1056 1587 1154 1676 (Aru

89 1698 122 1745 lo
231 1676 265 1744 5.
301 1702 363 1742 nou
392 1679 611 1762 <u>asrvosun
636 1702 739 1743 caari
763 1679 804 1763 c]
849 1684 997 1743 Aestuosa
1019 1685 1100 1742 enim
1122 1687 1155 1742 et

142 1773 242 1849 aptior
264 1774 364 1849 pecori
387 1775 469 1850 regio
493 1775 547 1846 est,
569 1775 604 1830 ut
627 1777 672 1832 est
694 1765 823 1853 (laccuru
838 1773 929 1830 VIIII
948 1764 1041 1852 185):

300 1897 341 1955 Et
363 1897 453 1955 calidi
476 1899 576 1955 lucent
597 1897 704 1956 buceta
726 1898 799 1956 Mat‘
825 1899 831 1910 “
857 1890 1004 1978 (AFch

231 2032 265 2100 6.
291 2057 351 2097 svn
374 2057 454 2097 aava
477 2034 620 2117 merevin]
657 2040 738 2099 Indis
762 2042 841 2098 enim
865 2039 937 2097 ebur
959 2039 1074 2098 abunde
1099 2045 1154 2114 est,

141 2131 175 2187 ut
199 2120 300 2208 (Verp.
318 2146 412 2202 peorq.
432 2127 447 2185 Ι
467 2120 536 2208 57):

88 2266 123 2313 20
301 2253 388 2314 India
411 2254 507 2311 mittit
530 2254 602 2312 ebur
625 2245 668 2333 (A
677 2254 740 2312 FV

233 2388 265 2457 7.
288 2413 368 2454 nnus
391 2389 520 2474 omns]
555 2393 634 2454 Liris
657 2396 765 2453 fluuius
789 2398 834 2454 est
858 2393 1037 2471 Campaniae
1061 2395 1153 2453 inter·

142 2484 234 2544 fluens
272 2484 374 2543 urbem
409 2485 658 2544 Minturnensium
696 2476 744 2565 (ca
770 2475 903 2564 Forma),
944 2487 979 2542 ut
1001 2483 1157 2562 Vergilius

143 2564 270 2654 (Meua.
291 2574 321 2631 Π
341 2565 434 2655 424):

301 2698 342 2756 Et
363 2697 519 2757 umbrosae
543 2697 621 2756 Liris
644 2716 697 2773 per
720 2715 812 2774 regna
835 2696 964 2754 Maricae
987 2687 1121 2775 (AsuV

233 2922 344 2988 lsety
434 2922 546 2989 ssety
579 2937 601 2984 s,
619 2919 684 2972 AV
764 2918 922 2988 bonamque
940 2918 1153 2973 nalitutidinem

143 2991 201 3059 (cic)
225 2990 348 3058 corporis
370 3006 459 3059 usque
482 2991 518 3043 ad
542 2992 714 3043 senectutem
732 2990 841 3058 precari
860 3011 876 3059 γ
907 2989 1008 3058 bonaq.
1029 2991 1153 3059 corporis

142 3078 231 3130 usque
255 3062 291 3114 ad
314 3063 486 3115 senectutem
508 3061 701 3114 ualetudinem
724 3061 803 3130 picari
820 3062 848 3115 A
880 3061 1010 3130 bonaque
1029 3062 1152 3130 corporis

112 3171 113 3175 η
142 3148 231 3200 nsque
250 3132 286 3185 ad
305 3134 477 3186 senectutem
495 3133 574 3201 pcari
594 3135 658 3200 ch
677 3132 836 3202 bonumque
856 3148 955 3200 corpus
975 3133 1108 3201 (eorporis
1123 3136 1152 3202 α)

141 3219 231 3272 usquc
250 3204 286 3256 ad
305 3205 477 3257 senectutem
494 3203 603 3271 precari
621 3222 659 3257 ru
740 3210 756 3256 9
774 3203 933 3257 moneribus
953 3206 980 3259 A
1058 3211 1090 3258 14
1109 3203 1152 3256 in·

142 3274 289 3328 frumentis
315 3276 341 3329 V
368 3274 560 3328 instrumentis
584 3276 631 3329 Ar
662 3276 741 3330 schol.
757 3292 807 3330 om.
822 3293 881 3344 γορ
913 3275 1046 3329 iumentis
1069 3277 1151 3329 Hau-

142 3347 200 3400 tbat
291 3350 323 3398 16
339 3348 385 3399 est
408 3352 471 3400 urite
494 3347 523 3398 et
537 3362 590 3400 vom.
599 3347 644 3414 Vp
667 3348 790 3414 (estuosa
808 3347 882 3399 enim
900 3347 979 3416 regio
999 3349 1041 3400 est
1060 3347 1153 3415 aptior

138 3416 236 3484 pecori
262 3419 307 3471 nt:
335 3414 427 3471 Calidi
455 3418 506 3472 etc.
526 3419 550 3486 c)
659 3423 690 3470 17
718 3417 819 3470 buceta
846 3418 894 3489 cp]
918 3417 1036 3471 bucceta
1058 3425 1115 3472 cett.

125 3486 305 3559 mrcm'ep]
317 3488 445 3544 matirini
463 3495 521 3546 cett.
628 3493 662 3544 20
676 3487 811 3543 mittebar
827 3489 854 3542 A
950 3491 1032 3541 aaut
1046 3490 1157 3559 Arupl

110 3569 165 3606 Μ’
179 3558 241 3623 7V
309 3564 384 3635 nerg
400 3563 447 3638 A]
465 3564 541 3638 nirg.
557 3569 618 3622 cett.
695 3567 730 3617 24
748 3559 853 3616 marite
874 3560 902 3612 A
1159 3594 1160 3598 ,
