2490 3840
145 204 165 269 6
525 203 648 258 EXPOS.
663 203 773 258 METR.

143 373 312 432 choriambo
336 375 366 432 et
387 373 539 448 pyrrichio
564 373 626 430 siue
649 372 756 431 iambo.
795 371 944 430 Secundus
962 391 1032 431 uero
1052 390 1154 430 uersus

141 460 353 538 Asclepiadeus
385 464 443 536 est,
476 463 560 519 cuius
592 463 653 518 iam
685 463 717 518 in
748 462 846 537 prima
878 454 941 544 pop
973 460 1153 520 reddidimus

141 553 294 610 rationem.
354 549 490 626 Vsusquc
528 553 573 607 est
607 550 663 608 hac
698 552 787 608 metri
823 551 1035 625 compositione
1069 550 1152 607 -xss-

141 642 260 698 tantum
283 638 429 714 cantibus,
454 642 487 696 ut
509 639 642 697 subiecta
664 639 883 697 monstrabunt:

106 756 122 805 5
303 744 351 804 Sic
374 749 404 803 te
428 745 499 802 diua
520 748 626 821 potens
651 743 742 820 Cypri

302 834 377 893 Cum
398 838 433 892 tu
455 832 552 909 Lydia
576 834 699 908 Telephi

300 924 397 982 Mater
421 941 510 981 saeua
534 920 713 998 Cupidinum

300 1013 341 1070 Et
363 1014 429 1071 ture
453 1014 483 1070 et
505 1011 612 1069 fidibus
635 1013 722 1070 iuuat

300 1100 402 1160 Donec
425 1104 527 1178 gratus
551 1119 632 1160 eram
654 1101 711 1158 tibi

302 1190 384 1248 onr
406 1191 545 1266 pauperis
568 1189 644 1247 Ibici

303 1276 453 1347 Quantum
477 1278 568 1336 distet
591 1278 628 1336 ab
651 1277 762 1336 Inacho

299 1367 425 1425 Intactis
449 1367 618 1442 opulentior

301 1455 365 1524 Quo
388 1476 435 1514 me
458 1455 574 1514 Bacche
597 1456 677 1530 rapis
701 1456 746 1513 tui

300 1545 389 1603 Festo
413 1544 485 1619 quid
507 1544 607 1620 potius
631 1544 678 1602 die

300 1633 475 1692 Intermissa
497 1633 598 1692 Venus
622 1633 673 1690 diu

302 1721 396 1790 Quem
418 1726 452 1780 tu
475 1721 660 1797 Melpomene
683 1723 781 1780 semel.

229 1845 342 1914 Quarta
374 1837 436 1927 ᾠδή
469 1845 579 1904 dicolos
612 1849 657 1905 est
689 1845 865 1922 distrophos.
925 1845 1041 1904 Primus
1074 1848 1154 1904 enim

140 1952 252 2009 uersuS,
275 1937 327 2010 qui
340 1933 548 1992 Archilochius
567 1935 685 2009 dicitur,
709 1937 826 1994 constat
844 1938 1017 1993 tetrametro
1035 1936 1153 1994 heroico

141 2027 171 2083 et
193 2023 288 2083 tribus
311 2018 508 2100 troch<a>eis
552 2021 702 2083 Secundus
726 2043 796 2082 uero
821 2026 1057 2099 pentimemerim
1079 2026 1152 2082 iam-

87 2124 122 2172 20
139 2113 238 2171 bicam
265 2113 368 2188 habet,
396 2115 426 2171 et
453 2113 592 2171 similiter
614 2115 674 2171 tres
697 2108 902 2191 troch<a>eos
950 2113 1086 2187 Vsusque
1109 2116 1154 2172 est

139 2202 196 2259 hac
223 2203 311 2259 metri
338 2203 551 2276 compositione
579 2220 638 2261 uno
660 2204 780 2261 tantum
804 2205 907 2276 cantu,
935 2204 1017 2260 cuius
1040 2204 1153 2276 primus

140 2308 242 2349 uersus
266 2290 433 2365 adscriptus
457 2294 515 2349 est:

208 2395 342 2455 Soluitur
365 2399 440 2456 acris
463 2398 577 2473 hiemps
601 2399 689 2474 grata
711 2398 778 2455 uice
801 2398 880 2454 ueris
905 2399 935 2454 et
957 2397 1080 2456 Fauoni.

229 2518 339 2589 Quinta
372 2513 434 2603 ᾠδή
466 2519 587 2580 tricolos
616 2523 661 2579 est
687 2521 921 2595 tetrastrophos,
953 2520 1032 2578 idest
1058 2521 1153 2580 tribus

87 2610 296 2685 acgeneribus
318 2612 406 2668 metri
429 2612 540 2685 scripta
563 2629 581 2667 a
605 2612 712 2685 quarto
736 2609 818 2668 facta
836 2609 1037 2684 replicatione.
1075 2609 1155 2670 Nam

140 2700 231 2773 primi
258 2699 316 2757 duo
344 2717 446 2757 uersus
473 2697 663 2772 Asclepiadei
690 2701 773 2773 sunt,
805 2701 912 2757 tertius
935 2698 1153 2775 PheregratiuS,

141 2789 193 2862 qui
212 2791 330 2846 constat
348 2788 486 2864 spondeo,
510 2786 620 2844 dactilo
639 2789 670 2844 et
692 2786 829 2861 spondeo,
848 2791 973 2864 quartus
993 2785 1152 2848 Gliconius.

140 2875 301 2951 Vtiturque
328 2877 385 2935 hac
412 2877 501 2934 metri
523 2876 736 2950 compositione
760 2879 878 2934 tantum
902 2876 985 2934 ·VII·
1009 2878 1154 2953 cantibus

141 2985 268 3040 quorum
290 2965 453 3040 primordia
476 2963 648 3022 subnotaui:

232 3156 245 3204 1
271 3149 431 3204 choriambo
459 3150 483 3220 c]
513 3166 571 3203 cor:
600 3156 656 3204 cett.
781 3170 859 3221 pyrr:
887 3155 950 3224 foy]
980 3154 1050 3222 pirr:
1078 3174 1119 3222 γα

141 3220 474 3292 thihepodpfodeu
529 3225 562 3274 10
577 3220 645 3274 ibici
658 3221 723 3292 fay]
739 3221 934 3293 ybicipom.c
989 3231 1020 3278 11
1033 3224 1152 3294 dietetc]

142 3293 230 3346 distat
248 3293 286 3358 cf
303 3292 409 3345 distent
427 3292 465 3360 γ]
551 3297 582 3345 17
603 3293 678 3345 (dhe
698 3314 714 3363 y
734 3294 786 3366 odp
804 3296 888 3361 fode
907 3317 925 3348 u
999 3300 1031 3349 18
1064 3295 1154 3348 arohi-

140 3363 295 3433 loichiusy
321 3362 488 3416 archiloicus
507 3383 526 3415 α
529 3363 547 3431 j
565 3363 722 3418 archilocus
740 3365 762 3432 s,
780 3374 880 3422 rectcc
966 3372 998 3419 19
1017 3366 1154 3434 pentime-

140 3433 240 3487 merim
267 3435 302 3502 cj
333 3434 513 3503 pentimerim
536 3456 552 3504 γ
583 3436 779 3504 pentimemeri
802 3438 820 3502 f
846 3437 1076 3506 pentimemerem
1100 3457 1119 3489 α

142 3509 176 3558 24
195 3505 301 3575 ωΔΕγ
320 3507 373 3560 ode
392 3507 433 3572 cf
491 3511 533 3559 '26
548 3506 680 3577 pheregrz
697 3509 722 3578 c]
742 3507 847 3578 feregr:
866 3509 946 3577 poesy}
1019 3513 1051 3560 27
1067 3507 1154 3576 glico-

140 3575 204 3630 nius
222 3577 288 3647 yfp]
309 3577 464 3648 gliconicus
482 3595 497 3632 c
516 3577 650 3632 cliconiue
670 3600 689 3632 c
