2490 3840
467 186 590 242 EXPOS.
606 187 715 247 METR.
1076 189 1097 254 5

88 357 210 429 dieitur,
238 355 348 415 dactilo
377 360 407 414 et
429 356 558 432 spondeo
580 356 704 431 pedibus
727 358 917 431 terminatur,
944 359 1098 432 utiturque

86 446 143 509 bac
170 447 258 504 metri
281 447 493 520 compositione
515 445 560 502 VI
583 448 612 503 et
635 445 689 504 XX
712 445 861 519 cantibus,
889 465 1014 521 quorum
1037 447 1097 521 pri-

87 534 201 594 mordia
224 532 395 593 subnotaui:

246 640 311 699 lem
335 643 407 699 satis
430 641 516 699 terris
539 642 618 698 niuis
642 643 732 714 atque
756 640 838 699 dirae

245 730 374 788 Mercuri
396 729 522 788 facunde
545 748 636 805 nepos
658 728 791 788 Atlantis

246 817 340 886 Quem
362 818 460 876 uirum
483 820 536 877 aut
557 818 648 878 heroa
671 818 737 893 lyra
760 819 809 876 uel
832 820 894 878 acri

246 907 315 965 Vile
338 908 456 983 potabis
479 907 602 966 modieis
626 905 769 966 Sabinum

246 996 364 1073 Integer
386 998 466 1055 uitae
489 997 664 1071 scelerisque
687 1014 778 1071 purus

247 1085 367 1144 Parcius
394 1088 510 1143 iunctas
533 1085 674 1160 quatiunt
696 1085 840 1144 fenestras

247 1171 271 1231 O
295 1173 396 1232 Venus
418 1173 521 1250 regina
545 1172 632 1231 Ouidi
654 1173 808 1251 Paphique

247 1262 398 1320 Posoimus
421 1263 519 1337 siquid
541 1265 629 1322 uacui
652 1263 705 1321 sub
729 1264 834 1321 umbra

247 1350 381 1410 Persicos
405 1351 455 1409 odi
476 1369 550 1426 puer
573 1355 734 1426 apparatus

247 1440 355 1498 Nullus
379 1443 502 1516 argento
526 1441 606 1499 color
629 1444 674 1498 est
697 1442 796 1499 auaris

246 1529 291 1586 Ne
315 1529 354 1587 sit
377 1530 503 1588 ancillae
526 1529 581 1587 tibi
605 1548 688 1587 amor
710 1529 817 1604 pudori

247 1617 373 1692 Septimi
397 1617 492 1677 Gades
516 1618 632 1676 aditure
655 1636 769 1676 meeum

248 1706 318 1765 Vlla
341 1709 366 1765 si
389 1707 461 1765 iuris
484 1707 541 1765 tibi
563 1707 705 1782 perierati

247 1795 367 1854 Rectius
391 1796 474 1854 uiues
498 1794 596 1854 Licini
618 1814 713 1871 neque
737 1795 832 1854 altum

248 1881 350 1942 Otium
373 1885 457 1943 diuos
480 1889 568 1961 rogat
590 1886 623 1942 in
646 1886 762 1959 patenti

246 1973 363 2031 Martiis
387 1973 482 2032 celebs
506 1973 580 2048 quid
601 1992 690 2049 agam
712 1972 853 2031 Kalendis

246 2061 372 2120 Mercuri
395 2081 464 2119 nam
487 2064 517 2120 te
541 2061 644 2120 docilis
667 2063 842 2138 magistrum

246 2150 382 2208 Herculis
405 2150 466 2208 ritu
488 2149 576 2208 modo
600 2150 695 2207 dictus
719 2169 736 2207 ο
759 2150 841 2224 plebs

247 2239 349 2297 Fauno
371 2238 580 2314 Nympharum
602 2239 770 2314 fugientum
793 2242 909 2296 amator

246 2328 315 2386 Non
337 2327 421 2386 uides
445 2330 557 2402 quanto
580 2345 700 2385 moueas
723 2328 833 2402 periclo

247 2416 393 2475 Montium
417 2420 514 2475 custos
539 2418 725 2491 nemorisque
748 2418 833 2492 uirgo

248 2505 359 2580 impios
381 2525 487 2581 parrae
509 2506 667 2568 recinentis
691 2524 776 2562 omen

248 2594 409 2653 Pindarum
432 2596 566 2670 quisquis
589 2593 689 2652 studet
711 2588 899 2670 <a>emulari

248 2684 325 2741 Diue
349 2704 436 2758 quem
459 2685 556 2759 proles
579 2683 695 2741 Niobea
716 2701 842 2758 magnae

248 2772 303 2830 Est
325 2772 398 2830 mihi
421 2792 532 2831 nonum
556 2773 723 2848 superantis
748 2791 858 2830 annum

248 2861 364 2920 Phoebe
388 2862 589 2938 siluarumque
611 2864 717 2938 potens
740 2862 845 2919 Diana.

178 2984 279 3042 Tertia
311 2975 373 3068 ᾠδή
407 2986 517 3045 dicolos
545 2988 590 3043 est
617 2985 799 3059 distrophos,
830 2985 886 3042 hoc
914 2987 959 3042 est
989 2984 1100 3059 duplici
1119 2992 1152 3040 30

88 3092 196 3149 genere
219 3074 307 3130 metri
330 3075 454 3150 scripta,
482 3094 499 3130 a
523 3074 648 3133 secundo
672 3075 752 3132 faeta
775 3075 976 3149 replicatione.
1022 3072 1100 3131 Nam

85 3164 171 3238 prior
193 3180 305 3235 uersus,
329 3165 377 3219 cui
396 3161 563 3221 Gliconium
582 3182 688 3221 nomen
707 3163 803 3236 datur,
827 3165 945 3220 constat
962 3162 1100 3237 spondeo,

178 3346 329 3401 oatlentis
356 3349 391 3417 fj
418 3349 542 3419 Seruius]
571 3348 644 3402 othl:
668 3369 708 3417 γα
732 3365 811 3402 ome
919 3353 952 3401 10
972 3348 1048 3401 cnidi
1065 3347 1100 3414 fj

86 3418 214 3488 Seruius]
233 3418 313 3488 guidi
331 3440 372 3489 γα
390 3436 470 3474 oruc
542 3426 573 3473 11
593 3419 734 3488 poscimur
751 3421 769 3486 f
836 3419 935 3472 umbra
943 3420 971 3488 p]
986 3417 1099 3471 umbras

86 3493 130 3547 rc
218 3495 250 3543 16
269 3490 401 3558 perierati
414 3492 432 3559 j
450 3498 513 3546 acte
531 3491 596 3561 rus]
616 3491 706 3560 pieati
724 3511 740 3559 y
759 3491 881 3560 peierati
900 3494 937 3557 uf
957 3490 1077 3544 Stratus

87 3565 123 3615 29
142 3559 234 3632 phebe
252 3583 277 3630 y,
295 3567 363 3617 'recte
375 3563 401 3630 j,
419 3569 476 3616 cett.
493 3561 585 3632 phebe
659 3567 694 3619 30
714 3565 794 3620 (une
815 3564 853 3637 pf
871 3563 929 3618 ode
948 3581 969 3614 u
