2490 3840
142 205 185 269 70
472 203 662 257 EXPOSITIO
681 202 721 255 IN
739 203 823 257 HOR.

146 398 157 413 ·
231 365 288 432 25.
313 371 405 431 *Siue
429 391 502 447 opus
526 376 570 430 est
592 374 764 447 imperitare
783 374 867 447 equis
887 363 952 453 (p)]
990 372 1045 430 Est
1064 371 1155 430 otiam

140 461 265 539 insignis
289 461 418 520 domitor
441 481 584 536 equorum
606 453 694 542 (Pop

231 561 288 628 26.
318 585 380 644 uon
404 586 519 628 numos
541 561 647 645 monn]
689 567 804 646 Auriga
827 567 979 627 Diomedis
1003 568 1073 640 fuit,
1102 569 1155 642 qui

141 675 246 732 corpus
274 656 405 717 Patrocli
434 677 500 716 oum
528 657 619 716 Aiace
647 661 677 715 et
704 657 863 716 Antilooho
891 656 1032 715 liberauit
1055 648 1155 737 (Asc

104 756 215 805 acono.
230 764 273 820 op

230 845 286 911 28.
322 869 402 910 noca
430 871 520 911 uvius
548 871 587 909 nn
615 870 766 910 nupnnmn
793 849 896 910 Annon
919 845 1066 929 uramus]
1113 852 1154 909 Et

139 942 195 1001 hoc
213 942 339 1000 inertiae
357 940 473 999 Paridis
493 941 631 1019 adsignat
648 943 766 999 tantam
783 961 898 999 moram
917 959 987 1014 esse,
1009 943 1153 1015 quantam

140 1051 208 1089 eum
230 1030 341 1089 faceret
363 1031 500 1088 inueniri.
542 1029 611 1089 Sine
635 1031 795 1089 certamine
819 1031 898 1087 enim
920 1030 1004 1088 uelut
1024 1030 1056 1086 in
1074 1028 1152 1087 bello

140 1111 205 1200 (leg.
225 1111 379 1184 inbelleml
408 1138 469 1178 esse
491 1121 670 1195 periturum,
700 1119 777 1177 unde
801 1122 921 1184 etcum
944 1136 1029 1176 oeruo
1053 1117 1091 1175 ad
1114 1120 1152 1176 ti·

87 1218 121 1267 10
139 1209 230 1267 moris
253 1207 480 1266 similitudinem
503 1209 688 1284 comparauit
711 1200 875 1288 (Ascoas.
889 1225 933 1281 cp

227 1314 343 1355 namon
372 1291 485 1375 Panna]
532 1297 588 1355 Vel
610 1297 729 1371 fortior,
758 1297 828 1371 quia
851 1299 882 1355 et
903 1297 1027 1353 numina
1049 1297 1152 1354 uulne-

139 1387 232 1461 rauit,
260 1387 310 1444 uel
332 1387 403 1460 quia
425 1386 474 1445 hic
498 1385 535 1444 ad
558 1387 689 1461 patriam
711 1387 808 1445 uictor
829 1403 964 1444 reuersus
988 1388 1045 1459 est,
1073 1384 1152 1459 quod

139 1477 220 1550 patri
243 1477 305 1533 eius
327 1494 388 1533 non
411 1477 577 1551 contigerat
601 1466 699 1555 (ΑΓα
712 1492 787 1532 cons.
802 1492 845 1547 op

230 1574 288 1641 29.
312 1578 413 1640 *Ordo
437 1584 494 1639 cst:
518 1601 607 1657 quem
629 1583 663 1638 tu
685 1582 784 1639 mollis
808 1580 904 1658 fugies
923 1580 1044 1638 sublimi
1063 1580 1151 1637 anhe-
1225 1616 1228 1622 ι

87 1679 120 1728 15
138 1670 196 1727 litu
219 1672 265 1728 uti
288 1688 391 1730 ceruus
414 1671 734 1746 immemorgraminis
758 1671 856 1727 uisum
879 1670 983 1743 lupum
1006 1670 1037 1725 in
1057 1669 1152 1726 altera

139 1762 224 1834 parte
246 1759 335 1816 uallis
358 1759 438 1836 fugit
461 1750 581 1839 (1⁷(yu)
591 1776 633 1831 cp
647 1775 722 1816 eccs.
737 1760 843 1832 Porph.
858 1776 912 1816 om.
927 1757 979 1815 Ar

230 1856 288 1924 31.
325 1858 450 1942 nonnis]
493 1864 614 1923 Inbellis
638 1858 717 1945 (ΑΓ

229 1971 352 2012 svnnmn
382 1947 505 2031 uvcms]
552 1953 615 2012 Aut
646 1954 786 2031 ypallage
818 1953 913 2030 figura
944 1971 998 2027 pro
1031 1951 1152 2010 sublimi

138 2044 223 2117 parte
247 2044 391 2118 corporis,
416 2042 493 2100 idest
516 2062 565 2100 ore
589 2041 668 2101 edito
692 2034 741 2124 (ec
763 2034 897 2123 Pergit),
920 2043 968 2100 uel
991 2042 1063 2116 quia
1085 2042 1152 2116 ipsa

86 2141 120 2190 2ο
140 2132 288 2189 anhelitus
310 2131 419 2190 nebula
442 2149 557 2189 summa
580 2134 665 2206 petat
686 2132 895 2206 potiusquam
914 2132 975 2188 ima
992 2122 1150 2210 (Ascoos.

139 2237 181 2292 cp
195 2238 249 2278 om.
264 2244 283 2278 α
304 2224 338 2278 ut
359 2220 477 2288 adsolet,
500 2223 571 2293 quia
595 2237 712 2279 sensum
733 2238 793 2278 core
814 2219 965 2279 intellexit:
988 2221 1065 2277 extat
1081 2222 1151 2276 cota

138 2322 161 2359 ω
186 2327 277 2382 sopra
299 2328 329 2368 a.
347 2310 446 2368 mollis

140 2495 153 2584 (
229 2408 287 2476 32.
325 2416 414 2475 *Non
440 2417 496 2475 hoc
523 2417 675 2491 pollicitus
699 2407 783 2497 (cpll
831 2415 951 2474 Scilicet
977 2417 1012 2472 ut
1033 2414 1150 2490 fugeres

154 2506 184 2561 Γ
184 2522 223 2563 αθ
226 2524 251 2578 p

86 2620 119 2668 25
229 2603 287 2671 33.
325 2610 425 2670 *Ordo
458 2614 515 2670 est:
551 2611 694 2669 iracunda
727 2610 827 2668 classis
859 2609 989 2668 Achillei
1020 2608 1150 2683 proferet

139 2699 217 2758 diem
240 2700 296 2758 Ilio
321 2704 350 2758 et
372 2702 516 2759 matronis
539 2699 692 2776 Phrygum
715 2690 826 2779 (saep

227 2783 425 2867 mncvunffln
448 2807 524 2846 niun
546 2783 629 2865 nno]
654 2786 736 2856 Quae
759 2807 818 2846 non
840 2789 957 2862 tempus
981 2787 1064 2844 uelut
1081 2805 1150 2861 pro·

228 3014 244 3060 4
259 3009 401 3063 antilocho
412 3010 460 3079 co]
477 3009 686 3076 antiloooAI'p
759 3009 889 3062 linertie
898 3009 926 3062 A
976 3009 1103 3078 assignat
1112 3027 1149 3078 cp

139 3079 292 3149 adsignans
311 3083 359 3135 Ar
382 3079 546 3150 designaty
619 3082 724 3150 quanta
744 3083 790 3134 Ar
813 3082 949 3149 quantam
966 3097 1004 3148 cp
1024 3095 1113 3150 quey

139 3156 154 3203 9
179 3152 254 3221 eum]
275 3168 339 3204 cum
358 3153 385 3206 A
402 3158 434 3205 at
451 3152 509 3205 aid.
584 3154 616 3204 10
640 3151 815 3221 comparauit
833 3152 872 3222 A]
892 3154 1037 3219 comparat
1054 3156 1112 3204 cett.

140 3226 172 3275 11
192 3222 239 3274 ucl
257 3221 293 3293 f:]
313 3239 363 3277 om.
379 3243 397 3275 α
468 3222 562 3292 uulnz]
582 3222 704 3276 uiolauit
722 3243 741 3275 α
849 3229 882 3276 12
901 3222 1003 3292 uictor]
1019 3240 1113 3276 emec

140 3298 173 3345 14
192 3293 235 3362 tu]
255 3310 339 3347 omo
430 3299 463 3347 16
482 3293 637 3417 sugitgom.
653 3315 671 3347 α
758 3299 790 3346 19
809 3294 883 3365 ipsa]
903 3294 964 3363 ipsc
978 3311 1001 3361 p
1019 3295 1114 3363 Pauly

139 3369 173 3416 20
192 3364 333 3418 hanelitus
353 3365 420 3419 Arc
525 3381 561 3418 ne
581 3364 629 3418 ula
648 3364 697 3435 K]
717 3365 821 3419 nabulo
840 3367 886 3419 Ac
916 3364 1051 3418 uenabuli
1069 3382 1114 3433 γρ

138 3451 212 3489 uena
229 3454 245 3490 r
263 3438 364 3489 natura
382 3436 511 3490 Hacttol
528 3437 561 3488 ut
578 3436 682 3489 nebula
699 3438 798 3504 saepto.
813 3438 908 3506 Pauly
1002 3440 1036 3488 23
1054 3437 1087 3488 ut
1105 3434 1149 3488 fu-

138 3523 218 3576 geres
237 3507 345 3561 scilicet
363 3524 400 3576 op
472 3513 506 3560 25
524 3507 647 3576 proferet
662 3540 694 3547 —
709 3508 860 3578 phrygum]
875 3525 925 3563 om.
937 3509 968 3572 Γ,
981 3523 1039 3561 acre
1052 3524 1113 3575 occp

130 3577 264 3644 proferat
281 3599 299 3632 α
351 3588 355 3597 ·
382 3584 415 3631 26
434 3578 574 3648 phrygum
589 3580 621 3649 p]
641 3578 746 3648 frigum
765 3597 805 3634 uc
886 3583 918 3631 27
939 3578 1023 3649 quae]
1042 3594 1092 3632 om.
1106 3596 1149 3646 op
