2490 3840
141 200 207 269 250
472 201 661 258 nxrosmo
680 203 719 257 m
738 202 821 258 noa.

230 365 288 432 37.
324 366 481 451 nuscum]
500 371 607 446 Fortis,
629 371 751 431 robusta
774 365 853 454 (AF

230 472 288 539 38.
311 496 429 538 enonas
453 495 597 537 sunnnms
620 495 724 537 noers
742 474 920 556 moornsvs]
950 479 1013 537 Aut
1033 477 1154 539 Sabinis

140 571 193 627 aut
214 568 330 642 Marsis,
352 571 387 626 ut
410 558 512 648 (Very.
528 584 623 642 peorp.
642 567 689 625 III
709 560 801 648 255):

298 691 466 767 Dentesque
491 691 653 751 Sabellicus
677 693 795 750 exacuit
816 711 866 751 sus
888 685 985 773 (AFf
991 693 1020 752 V

105 844 171 980 ὀῆΠ
213 826 288 1003 θὸῗ.
328 850 467 894 vausune
495 827 628 912 onasus]
673 833 780 909 Arare,
807 837 842 892 ut
863 834 1014 912 Vergilius
1043 826 1156 916 (peory.

191 925 209 981 2
236 925 283 982 1:

272 1047 350 1106 Ante
374 1048 528 1123 supinatas
550 1046 695 1123 Aquiloni
717 1047 871 1107 ostendere
894 1047 996 1124 glebas
1020 1039 1100 1127 (ΑΓ

229 1184 380 1268 suranus]
423 1187 528 1249 (lastae
552 1186 631 1270 (ΑΓ

229 1288 288 1357 40.
320 1313 433 1354 usnms
457 1315 499 1354 An
522 1290 704 1374 unumunurn]
746 1296 826 1354 Bene
850 1299 881 1355 et
903 1294 1056 1355 moraliter
1080 1298 1153 1355 sim-

87 1394 121 1442 10
139 1385 304 1462 plicitatem
341 1388 371 1444 et
406 1386 583 1461 patientiam
621 1385 730 1445 laboris
762 1385 794 1442 in
825 1384 981 1444 iuuenibus
1013 1404 1067 1462 per
1097 1387 1154 1446 has

140 1474 431 1534 commemorationes
464 1474 607 1549 ostendit,
639 1492 673 1533 eo
706 1473 785 1550 quod
812 1475 857 1532 ita
883 1492 914 1533 se
942 1473 1070 1532 subdant
1096 1476 1155 1533 im·

139 1564 230 1639 periis
244 1566 383 1637 matrum,
397 1567 431 1621 ut
445 1562 484 1620 ad
497 1581 600 1621 earum
614 1566 774 1639 operentur
788 1563 944 1622 arbitrium
959 1554 1007 1643 (cu
1021 1556 1155 1645 Ponet),

119 1653 188 1710 ¹uel
220 1651 292 1728 quia
318 1652 392 1710 haec
417 1653 537 1711 rusticis
564 1651 744 1711 consuetudo
772 1655 830 1726 est,
862 1655 898 1710 ut
924 1655 992 1728 post
1018 1651 1155 1711 laborem

140 1759 206 1800 cum
229 1741 319 1818 lignis
342 1743 531 1799 reuertentur
553 1740 592 1798 ad
615 1759 682 1800 suos
706 1732 840 1821 (APuV

88 1853 121 1902 15
229 1837 289 1906 41.
319 1862 375 1903 son
397 1865 449 1905 vm
471 1841 625 1925 uoumvu]
665 1845 709 1906 Vt
730 1847 881 1925 Vergilius
905 1839 967 1926 (ccl.
988 1849 1016 1922 2,
1036 1834 1106 1926 67):

299 1970 339 2028 ut
361 1970 406 2030 sol
428 1974 590 2030 crescentes
614 1971 756 2031 decedens
779 1972 915 2048 duplicat
936 1971 1056 2030 umbras
1076 1965 1159 2055 (ΑΓ

230 2104 287 2174 43.
325 2131 423 2173 nvnvs
445 2108 623 2192 nemausis]
664 2113 707 2172 Vt
728 2114 879 2192 Vergilius
903 2107 965 2194 (ccl.
987 2116 1015 2189 2,
1036 2105 1106 2195 66);

272 2236 390 2314 Aspice,
413 2242 515 2297 aratra
536 2240 607 2316 iugo
629 2239 763 2298 referunt
784 2256 926 2313 suspensa
943 2240 1062 2298 iuuenci
1077 2231 1159 2319 (AF

229 2397 325 2439 nvnvs
335 2398 498 2439 sensurus
508 2375 643 2460 smcvu]
656 2379 874 2442 Laborantibus
885 2382 997 2440 scilieet
1006 2383 1154 2460 quietum,

87 2475 121 2523 20
140 2467 178 2527 ob
201 2469 412 2544 capescendam
434 2469 565 2546 quietem
588 2462 702 2552 (ΑΠ’
717 2489 751 2530 ec
768 2471 872 2544 Porpb.

230 2565 289 2634 45.
329 2570 677 2655 cameasenus]
722 2576 767 2635 Ac
791 2579 817 2636 si
839 2577 961 2636 diceret:
990 2580 1153 2638 cunctam

141 2663 224 2739 peius
256 2667 348 2722 ruunt
379 2682 414 2723 eo
446 2664 525 2740 quod
556 2664 632 2724 nihil
664 2667 817 2725 aeternum
849 2665 901 2740 sit,
934 2666 984 2725 sed
1011 2685 1153 2742 processu

140 2754 308 2828 temporum
332 2754 432 2811 omnia
454 2754 486 2811 in
508 2755 593 2830 peius
616 2754 757 2814 labantur
779 2747 920 2836 (paulum
937 2756 1001 2814 stm.
1018 2748 1153 2837 Perpau).

140 2839 225 2897 Vnde
249 2839 361 2898 dictum
385 2844 429 2900 est
452 2833 529 2920 (Oia.
542 2861 600 2917 pro
618 2844 761 2903 Marcello
781 2846 811 2918 4,
831 2836 901 2925 11):

88 2970 121 3018 25
140 2963 225 3021 Nihil
248 2966 293 3021 est
315 2965 394 3021 enim
416 2982 504 3040 opere
527 2969 558 3025 et
579 2986 670 3025 manu
693 2969 815 3044 factum,
837 2968 917 3044 quod
935 2987 993 3028 non
1012 2969 1153 3029 conficiat

141 3054 171 3110 et
194 3054 349 3111 consumat
370 3056 505 3112 uetustas
529 3044 663 3135 (APuV

110 3357 113 3363 Ι
230 3292 335 3374 buerfi
351 3293 391 3376 A]
410 3291 485 3363 uirg:
508 3297 534 3346 Γ
616 3294 743 3349 'dolebas
763 3297 791 3350 A
871 3301 890 3348 9*
906 3297 1062 3368 moraliter]
1081 3299 1152 3353 mire

141 3362 242 3430 Porpb.
261 3362 430 3417 mirabiliter
445 3366 539 3435 Pauly
613 3371 644 3420 13
662 3365 709 3420 uel
724 3399 757 3406 -
772 3369 849 3438 suos]
868 3385 918 3422 om.
933 3389 952 3421 α
1025 3371 1068 3422 est
1087 3385 1152 3423 con-

133 3432 256 3486 suetudo
274 3435 311 3490 Ve
382 3440 416 3490 16
435 3437 506 3508 uer&
515 3437 554 3510 A]
573 3436 739 3508 unguine?
809 3443 841 3491 17
860 3440 930 3508 uer}
938 3439 977 3509 A]
996 3440 1072 3510 uirg:
1092 3443 1120 3493 Γ

103 3505 158 3622 οἵ
173 3519 304 3629 Ξωρθεω
332 3508 430 3584 codd]
459 3509 668 3582 capessendam
698 3511 800 3580 Porpb.
904 3514 943 3560 ‘ai
963 3525 999 3559 aa
1013 3512 1158 3579 -manu
