2490 3840
481 173 709 228 ⁴vcasianus
1011 158 1013 162 ’
1049 173 1113 237 341

98 316 180 402 tibus
214 343 322 400 armati
342 333 541 418 prodierunt,
573 361 608 399 ex
636 341 743 417 quibus
771 342 887 417 aliquos
914 342 946 399 in
974 343 1116 400 societate

100 430 272 490 condendae
296 430 376 490 urbis
401 429 529 489 Cadmus
553 429 663 488 dicitur
687 429 847 489 adseiuisse
871 423 950 510 (AV

190 529 249 598 ol.
272 538 480 617 nomouunrn
504 531 641 614 sannen]
678 536 726 594 Ab
746 537 876 597 Echione
895 536 1041 612 conditae,
1064 538 1116 612 qui

98 627 159 685 fuit
182 629 268 703 pater
290 625 424 699 Penthei,
447 645 536 702 gener
560 623 664 683 Cadmi
689 617 768 706 (AV
824 661 827 664 <
987 629 989 631 ’

123 724 126 731 ’
191 725 249 792 65.
290 748 409 790 unnsus
440 725 619 808 ruossano]
667 731 699 788 Si
731 732 906 791 mersauoris
939 732 1116 807 Romanum,
1153 743 1168 790 5

99 822 153 895 ait,
175 821 282 879 fortior
304 820 351 894 fit3
383 822 428 879 ita
451 823 551 878 autem
572 819 628 877 hoo
651 819 775 877 uerbum
798 819 977 878 declinatur:
1009 838 1116 896 merso,

98 928 220 985 mersas
243 913 277 967 ut
301 901 550 988 (Ver9.9cor9.1
570 899 663 988 272]

260 1033 368 1090 Fluuio
392 1049 520 1090 mersare
545 1031 657 1090 salubri
681 1023 760 1112 (AV

189 1192 366 1234 svuonsron
388 1169 515 1252 nvnurr]
556 1175 668 1232 Existit
692 1166 770 1255 (AV

191 1274 249 1340 66.
278 1297 383 1340 nunna
404 1275 561 1358 enonvun]
602 1279 684 1339 Idest
707 1282 732 1339 si
755 1280 923 1339 Romanum
945 1282 1116 1357 prouocaris
1136 1291 1169 1338 10

99 1369 138 1428 ad
162 1370 390 1443 contentionem,
414 1371 552 1445 quamuis
575 1369 738 1428 multorum
761 1371 859 1428 uictor
882 1370 949 1444 oris,
972 1370 1060 1428 facile
1079 1370 1116 1427 ab

97 1458 152 1532 illo
177 1457 362 1532 superaberis
386 1449 465 1538 (AV

191 1558 347 1654 enosvnn]
394 1563 532 1639 Euertet‚
560 1565 672 1639 uincet,
696 1568 731 1622 ut
754 1557 858 1644 (Vera.
874 1583 970 1639 ycory.
988 1564 1003 1622 I
1022 1557 1116 1644 481]

236 1687 363 1746 Proruet
385 1690 491 1746 insano
515 1691 710 1764 contorquens
734 1689 845 1766 uertice
868 1689 959 1748 siluas
984 1680 1063 1769 (AV

189 1825 362 1908 mruonvu]
399 1831 478 1889 Ante
501 1850 561 1889 non
584 1832 698 1890 uictum
722 1823 800 1913 (AV
1136 1841 1169 1888 15

189 1929 247 1995 68.
272 1953 405 1995 passura
429 1953 611 1997 courvornvs
630 1932 673 2015 n]
710 1937 773 1995 Aut
791 1955 845 2013 pro
864 1936 952 1995 laude
971 1938 1116 1997 uictoriae

97 2025 253 2083 referende
277 2025 451 2103 coniugibus
471 2029 524 2084 aut
541 2044 596 2102 pro
614 2027 790 2085 maritorum
809 2027 921 2084 uirtute
941 2024 1115 2102 coniugibus
1176 2099 1185 2116 ι

97 2111 249 2172 narranda
273 2106 351 2194 (AV
367 2115 403 2186 of.
420 2115 526 2187 Porpb.

190 2194 248 2262 69.
272 2219 328 2259 rau
350 2219 412 2260 uon
435 2219 497 2261 noo
520 2196 666 2279 nvunros]
706 2202 811 2259 Adhuc
834 2202 918 2260 uelut
936 2201 1115 2260 Hannibalis

100 2289 195 2348 uerba
217 2293 299 2363 sunt3
322 2295 423 2349 tamen
445 2290 531 2348 iuxta
552 2291 696 2348 historiae
718 2288 806 2348 fidem
830 2291 895 2348 uiso
917 2289 1114 2348 Hasdrubalis
1134 2300 1170 2352 20,

98 2379 199 2454 capite
232 2379 263 2436 in
295 2379 367 2437 haee
399 2378 500 2438 dolore
532 2377 613 2437 dieta
645 2377 797 2436 Hannibal
830 2377 940 2436 dieitur
972 2380 1115 2453 erupisse:

237 2501 374 2579 Agnosco
397 2506 437 2578 te,
463 2505 583 2562 fortuna
608 2496 796 2578 Carthaginis

99 2637 181 2723 (AV
190 2643 276 2716 pout.
294 2645 357 2702 sim.
377 2645 481 2718 Porph.

146 2902 147 2905 ’
190 2902 360 2955 lsooietate
378 2903 485 2972 Ach]
505 2902 669 2955 societatem
688 2902 750 2956 ertit.
769 2905 822 2955 aet.
896 2900 1038 2955 accende
1052 2903 1079 2954 A

98 2970 173 3024 3Et
200 2971 312 3043 ionicus
339 2972 440 3026 thebas
459 2976 486 3026 A
595 2977 628 3025 10
655 2972 853 3042 prouocauenis
874 2974 900 3028 V
1004 2979 1035 3024 11
1061 2972 1115 3025 eris

96 3043 163 3097 edit.
184 3044 249 3114 aaa]
269 3043 309 3096 eis
333 3046 374 3109 A,
401 3045 488 3097 locam
510 3059 561 3098 om.
577 3060 604 3109 e,
629 3043 667 3096 ais
688 3045 733 3112 Vp
843 3049 875 3098 13
895 3044 1003 3098 euertat
1023 3044 1061 3112 V]
1080 3048 1115 3096 eu

96 3115 126 3167 te
145 3114 173 3166 A
270 3119 302 3167 16
321 3114 458 3168 uictoriae
478 3115 536 3184 Vp]
554 3113 673 3167 uictoria
691 3117 739 3169 Aa
832 3119 864 3167 19
883 3113 1044 3168 hannibalis
1066 3114 1115 3184 Vc]

96 3183 240 3237 annibalis
266 3186 318 3253 Ap
426 3189 459 3237 20
487 3185 666 3239 hasdrubalis
689 3187 748 3256 Ac]
775 3185 947 3239 hastrubalis
968 3186 995 3241 V
1018 3184 1115 3237 asdru-

96 3254 171 3308 balis
191 3271 214 3322 p
322 3261 354 3308 21
379 3255 449 3309 haee
477 3255 571 3310 dolore
600 3255 678 3309 diota
701 3257 740 3326 A]
768 3257 838 3310 haee
866 3257 944 3310 diota
972 3256 1116 3310 dolorch

96 3325 158 3378 haee
178 3325 273 3380 dolore
284 3343 306 3394 p
377 3326 514 3380 hannibal
525 3327 563 3396 V]
583 3327 699 3380 annibal
715 3330 740 3379 A
746 3344 766 3394 p
784 3327 930 3380 hanibale
1002 3332 1038 3377 ‘l‘l
1056 3341 1120 3375 ean-

96 3395 204 3466 taginis
219 3397 256 3462 V;
274 3397 308 3463 cf.
324 3397 427 3452 Liuius
445 3396 547 3451 XXVII
562 3403 608 3452 51:
628 3397 788 3464 Hannibal,
802 3400 889 3453 tanto
908 3395 1003 3449 §inuh
1015 3391 1142 3463 nubtias)

82 3466 285 3587 ffafflffiffe
311 3467 386 3522 ictus
412 3469 507 3539 luctu,
537 3485 697 3543 agnoscere
728 3488 760 3526 se
783 3470 944 3525 iortunarn
963 3459 1166 3517 ambagum

96 3550 113 3586 e
157 3552 176 3585 r
212 3552 298 3588 mese
