<?xml version="1.0" encoding="UTF-8"?>
<!DOCTYPE html PUBLIC "-//W3C//DTD XHTML 1.0 Transitional//EN"
    "http://www.w3.org/TR/xhtml1/DTD/xhtml1-transitional.dtd">
<html xmlns="http://www.w3.org/1999/xhtml" xml:lang="en" lang="en">
 <head>
  <title>
</title>
<meta http-equiv="Content-Type" content="text/html;charset=utf-8" />
  <meta name='ocr-system' content='tesseract 3.04.00' />
  <meta name='ocr-capabilities' content='ocr_page ocr_carea ocr_par ocr_line ocrx_word'/>
</head>
<body>
  <div class='ocr_page' id='page_1' title='image "./pseudacronissch00kellgoog_0055.png"; bbox 0 0 2490 3840; ppageno 0'>
   <div class='ocr_carea' id='block_1_1' title="bbox 142 134 824 241">
    <p class='ocr_par' dir='ltr' id='par_1_1' title="bbox 142 134 824 241">
     <span class='ocr_line' id='line_1_1' title="bbox 142 134 824 241; baseline 0 -13"><span class='ocrx_word' id='word_1_1' title='bbox 142 177 186 241; x_wconf 87' lang='lat'>34</span> <span class='ocrx_word' id='word_1_2' title='bbox 243 134 246 139; x_wconf 37' lang='lat'><em>¹</em></span> <span class='ocrx_word' id='word_1_3' title='bbox 474 175 663 230; x_wconf 77' lang='lat' dir='ltr'>mposmo</span> <span class='ocrx_word' id='word_1_4' title='bbox 682 175 722 228; x_wconf 81' lang='lat' dir='ltr'>iu</span> <span class='ocrx_word' id='word_1_5' title='bbox 739 176 824 230; x_wconf 81' lang='lat' dir='ltr'>uon.</span> 
     </span>
    </p>
   </div>
   <div class='ocr_carea' id='block_1_2' title="bbox 253 344 596 402">
    <p class='ocr_par' dir='ltr' id='par_1_2' title="bbox 253 344 596 402">
     <span class='ocr_line' id='line_1_2' title="bbox 253 344 596 402; baseline 0 -2"><span class='ocrx_word' id='word_1_6' title='bbox 253 344 330 402; x_wconf 88' lang='lat' dir='ltr'>Vere</span> <span class='ocrx_word' id='word_1_7' title='bbox 352 347 469 402; x_wconf 88' lang='lat' dir='ltr'>tument</span> <span class='ocrx_word' id='word_1_8' title='bbox 491 346 596 402; x_wconf 83' lang='lat' dir='ltr'>terrae.</span> 
     </span>
    </p>
   </div>
   <div class='ocr_carea' id='block_1_3' title="bbox 45 443 1156 757">
    <p class='ocr_par' dir='ltr' id='par_1_3' title="bbox 45 431 1156 757">
     <span class='ocr_line' id='line_1_3' title="bbox 45 443 1046 548; baseline -0.003 -22"><span class='ocrx_word' id='word_1_9' title='bbox 45 443 48 448; x_wconf 83' lang='grc'><strong>’</strong></span> <span class='ocrx_word' id='word_1_10' title='bbox 141 468 182 526; x_wconf 79' lang='lat' dir='ltr'>ut</span> <span class='ocrx_word' id='word_1_11' title='bbox 205 468 241 526; x_wconf 72' lang='lat' dir='ltr'>ue</span> <span class='ocrx_word' id='word_1_12' title='bbox 263 469 360 526; x_wconf 72' lang='lat' dir='ltr'>hume</span> <span class='ocrx_word' id='word_1_13' title='bbox 384 460 490 548; x_wconf 64' lang='grc' dir='ltr'>(ναν.</span> <span class='ocrx_word' id='word_1_14' title='bbox 509 467 541 524; x_wconf 90' lang='lat'>11</span> <span class='ocrx_word' id='word_1_15' title='bbox 560 459 652 547; x_wconf 78' lang='lat'>317):</span> <span class='ocrx_word' id='word_1_16' title='bbox 1044 543 1046 547; x_wconf 16' lang='grc' dir='ltr'>Ι</span> 
     </span>
     <span class='ocr_line' id='line_1_4' title="bbox 275 566 1156 654; baseline 0.002 -24"><span class='ocrx_word' id='word_1_17' title='bbox 275 574 358 632; x_wconf 82' lang='lat' dir='ltr'>Rura</span> <span class='ocrx_word' id='word_1_18' title='bbox 381 575 449 651; x_wconf 89' lang='lat' dir='ltr'>gelu</span> <span class='ocrx_word' id='word_1_19' title='bbox 472 577 537 631; x_wconf 92' lang='lat' dir='ltr'>tum</span> <span class='ocrx_word' id='word_1_20' title='bbox 560 574 673 632; x_wconf 80' lang='lat' dir='ltr'>claudit</span> <span class='ocrx_word' id='word_1_21' title='bbox 696 575 809 649; x_wconf 84' lang='lat' dir='ltr'>hiemps</span> <span class='ocrx_word' id='word_1_22' title='bbox 834 566 921 654; x_wconf 78' lang='grc' dir='ltr'>(ΑΓ</span> <span class='ocrx_word' id='word_1_23' title='bbox 929 566 1020 654; x_wconf 91' lang='grc' dir='ltr'>(ναν)</span> <span class='ocrx_word' id='word_1_24' title='bbox 1032 591 1127 632; x_wconf 61' lang='lat' dir='ltr'>conse</span> <span class='ocrx_word' id='word_1_25' title='bbox 1131 592 1156 648; x_wconf 81' lang='lat' dir='ltr'>p</span> 
     </span>
     <span class='ocr_line' id='line_1_5' title="bbox 233 686 1156 757; baseline -0.001 -2"><span class='ocrx_word' id='word_1_26' title='bbox 233 686 291 757; x_wconf 87' lang='lat' dir='ltr'>ll.</span> <span class='ocrx_word' id='word_1_27' title='bbox 327 714 408 755; x_wconf 82' lang='lat' dir='ltr'>uvuc</span> <span class='ocrx_word' id='word_1_28' title='bbox 436 716 475 754; x_wconf 78' lang='lat' dir='ltr'>nu</span> <span class='ocrx_word' id='word_1_29' title='bbox 502 716 535 754; x_wconf 74' lang='lat' dir='ltr'>ns</span> <span class='ocrx_word' id='word_1_30' title='bbox 561 714 712 755; x_wconf 77' lang='lat' dir='ltr'>vumnosis</span> <span class='ocrx_word' id='word_1_31' title='bbox 739 715 841 756; x_wconf 70' lang='lat' dir='ltr'>sunno</span> <span class='ocrx_word' id='word_1_32' title='bbox 868 715 971 755; x_wconf 80' lang='lat' dir='ltr'>onem</span> <span class='ocrx_word' id='word_1_33' title='bbox 998 715 1156 755; x_wconf 76' lang='lat' dir='ltr'>muonurm</span> 
     </span>
    </p>
   </div>
   <div class='ocr_carea' id='block_1_4' title="bbox 107 781 1156 955">
    <p class='ocr_par' dir='ltr' id='par_1_4' title="bbox 107 781 1156 955">
     <span class='ocr_line' id='line_1_6' title="bbox 107 781 1156 864; baseline -0.002 -18"><span class='ocrx_word' id='word_1_34' title='bbox 107 781 245 864; x_wconf 80' lang='lat' dir='ltr'>onvors]</span> <span class='ocrx_word' id='word_1_35' title='bbox 291 784 383 854; x_wconf 78' lang='lat' dir='ltr'>Quasi</span> <span class='ocrx_word' id='word_1_36' title='bbox 415 786 532 860; x_wconf 86' lang='lat' dir='ltr'>expleto</span> <span class='ocrx_word' id='word_1_37' title='bbox 565 805 642 845; x_wconf 81' lang='lat' dir='ltr'>anno</span> <span class='ocrx_word' id='word_1_38' title='bbox 675 789 705 844; x_wconf 88' lang='lat' dir='ltr'>et</span> <span class='ocrx_word' id='word_1_39' title='bbox 733 804 812 845; x_wconf 91' lang='lat' dir='ltr'>nouo</span> <span class='ocrx_word' id='word_1_40' title='bbox 839 787 980 845; x_wconf 85' lang='lat' dir='ltr'>redeunte</span> <span class='ocrx_word' id='word_1_41' title='bbox 1006 786 1156 845; x_wconf 82' lang='lat' dir='ltr'>reddenda</span> 
     </span>
     <span class='ocr_line' id='line_1_7' title="bbox 142 865 1088 955; baseline 0 -23"><span class='ocrx_word' id='word_1_42' title='bbox 142 877 211 933; x_wconf 88' lang='lat' dir='ltr'>sunt</span> <span class='ocrx_word' id='word_1_43' title='bbox 229 875 286 932; x_wconf 89' lang='lat' dir='ltr'>diis</span> <span class='ocrx_word' id='word_1_44' title='bbox 311 875 476 950; x_wconf 80' lang='lat' dir='ltr'><strong>agrestibus</strong></span> <span class='ocrx_word' id='word_1_45' title='bbox 499 877 580 948; x_wconf 84' lang='lat' dir='ltr'>uota,</span> <span class='ocrx_word' id='word_1_46' title='bbox 603 877 637 932; x_wconf 88' lang='lat' dir='ltr'>ut</span> <span class='ocrx_word' id='word_1_47' title='bbox 659 874 810 952; x_wconf 86' lang='lat' dir='ltr'>Vergilius</span> <span class='ocrx_word' id='word_1_48' title='bbox 834 867 941 955; x_wconf 71' lang='lat' dir='ltr'>(georg.</span> <span class='ocrx_word' id='word_1_49' title='bbox 960 874 976 932; x_wconf 91' lang='lat' dir='ltr'>I</span> <span class='ocrx_word' id='word_1_50' title='bbox 995 865 1088 953; x_wconf 73' lang='grc'>341);’</span> 
     </span>
    </p>
   </div>
   <div class='ocr_carea' id='block_1_5' title="bbox 275 996 1026 1075">
    <p class='ocr_par' dir='ltr' id='par_1_5' title="bbox 275 996 1026 1075">
     <span class='ocr_line' id='line_1_8' title="bbox 275 996 1026 1075; baseline 0.003 -21"><span class='ocrx_word' id='word_1_51' title='bbox 275 999 351 1055; x_wconf 83' lang='lat' dir='ltr'>Tum</span> <span class='ocrx_word' id='word_1_52' title='bbox 373 999 498 1074; x_wconf 85' lang='lat' dir='ltr'>pingues</span> <span class='ocrx_word' id='word_1_53' title='bbox 523 999 593 1075; x_wconf 81' lang='lat' dir='ltr'>egui</span> <span class='ocrx_word' id='word_1_54' title='bbox 617 1001 647 1056; x_wconf 88' lang='lat' dir='ltr'>et</span> <span class='ocrx_word' id='word_1_55' title='bbox 669 1001 733 1056; x_wconf 86' lang='lat' dir='ltr'>tum</span> <span class='ocrx_word' id='word_1_56' title='bbox 756 999 932 1058; x_wconf 79' lang='lat' dir='ltr'>mollissima</span> <span class='ocrx_word' id='word_1_57' title='bbox 954 996 1026 1056; x_wconf 82' lang='lat' dir='ltr'>uina</span> 
     </span>
    </p>
   </div>
   <div class='ocr_carea' id='block_1_6' title="bbox 141 1131 598 1220">
    <p class='ocr_par' dir='ltr' id='par_1_6' title="bbox 141 1131 598 1220">
     <span class='ocr_line' id='line_1_9' title="bbox 141 1131 598 1220; baseline 0.002 -24"><span class='ocrx_word' id='word_1_58' title='bbox 141 1132 229 1220; x_wconf 70' lang='grc' dir='ltr'>(ΑΓ</span> <span class='ocrx_word' id='word_1_59' title='bbox 238 1131 330 1220; x_wconf 94' lang='grc' dir='ltr'>(ναν)</span> <span class='ocrx_word' id='word_1_60' title='bbox 345 1157 421 1197; x_wconf 80' lang='lat' dir='ltr'>rous.</span> <span class='ocrx_word' id='word_1_61' title='bbox 436 1157 478 1212; x_wconf 79' lang='lat' dir='ltr'>cp</span> <span class='ocrx_word' id='word_1_62' title='bbox 492 1139 598 1213; x_wconf 82' lang='lat' dir='ltr'>Porpb.</span> 
     </span>
    </p>
   </div>
   <div class='ocr_carea' id='block_1_7' title="bbox 89 1237 1154 1416">
    <p class='ocr_par' dir='ltr' id='par_1_7' title="bbox 89 1237 1154 1416">
     <span class='ocr_line' id='line_1_10' title="bbox 232 1237 1154 1324; baseline 0 -20"><span class='ocrx_word' id='word_1_63' title='bbox 232 1237 290 1304; x_wconf 81' lang='grc'>13.</span> <span class='ocrx_word' id='word_1_64' title='bbox 313 1263 448 1303; x_wconf 74' lang='lat' dir='ltr'>PunnmA</span> <span class='ocrx_word' id='word_1_65' title='bbox 470 1240 567 1324; x_wconf 77' lang='lat' dir='ltr'>Mons]</span> <span class='ocrx_word' id='word_1_66' title='bbox 608 1246 771 1321; x_wconf 74' lang='lat' dir='ltr'>Epitheton</span> <span class='ocrx_word' id='word_1_67' title='bbox 794 1247 907 1321; x_wconf 68' lang='lat' dir='ltr'>mortis</span> <span class='ocrx_word' id='word_1_68' title='bbox 931 1265 965 1305; x_wconf 89' lang='lat' dir='ltr'>eo</span> <span class='ocrx_word' id='word_1_69' title='bbox 989 1247 1068 1322; x_wconf 92' lang='lat' dir='ltr'>quod</span> <span class='ocrx_word' id='word_1_70' title='bbox 1090 1247 1154 1321; x_wconf 81' lang='lat' dir='ltr'>psi·</span> 
     </span>
     <span class='ocr_line' id='line_1_11' title="bbox 89 1326 688 1416; baseline 0 -24"><span class='ocrx_word' id='word_1_71' title='bbox 89 1345 122 1393; x_wconf 91' lang='lat'>10</span> <span class='ocrx_word' id='word_1_72' title='bbox 141 1334 217 1392; x_wconf 87' lang='lat' dir='ltr'>lidos</span> <span class='ocrx_word' id='word_1_73' title='bbox 240 1334 334 1392; x_wconf 83' lang='lat' dir='ltr'>faeiat</span> <span class='ocrx_word' id='word_1_74' title='bbox 357 1327 444 1414; x_wconf 78' lang='grc' dir='ltr'>(ΑΓ</span> <span class='ocrx_word' id='word_1_75' title='bbox 455 1326 545 1416; x_wconf 88' lang='grc' dir='ltr'>(ναν)</span> <span class='ocrx_word' id='word_1_76' title='bbox 550 1354 574 1407; x_wconf 88' lang='lat' dir='ltr'>p</span> <span class='ocrx_word' id='word_1_77' title='bbox 589 1351 688 1393; x_wconf 69' lang='lat' dir='ltr'>corruo</span> 
     </span>
    </p>
   </div>
   <div class='ocr_carea' id='block_1_8' title="bbox 140 1433 1154 1611">
    <p class='ocr_par' dir='ltr' id='par_1_8' title="bbox 140 1433 1154 1611">
     <span class='ocr_line' id='line_1_12' title="bbox 232 1433 1154 1519; baseline 0.002 -21"><span class='ocrx_word' id='word_1_78' title='bbox 232 1433 289 1500; x_wconf 82' lang='grc'>14.</span> <span class='ocrx_word' id='word_1_79' title='bbox 321 1459 489 1505; x_wconf 80' lang='lat' dir='ltr'>nnsvuovn</span> <span class='ocrx_word' id='word_1_80' title='bbox 512 1436 644 1519; x_wconf 79' lang='lat' dir='ltr'>uvnnns]</span> <span class='ocrx_word' id='word_1_81' title='bbox 685 1441 743 1500; x_wconf 90' lang='lat' dir='ltr'>Pro</span> <span class='ocrx_word' id='word_1_82' title='bbox 767 1442 922 1500; x_wconf 83' lang='lat' dir='ltr'>altioribus</span> <span class='ocrx_word' id='word_1_83' title='bbox 945 1442 1080 1500; x_wconf 85' lang='lat' dir='ltr'>domibus</span> <span class='ocrx_word' id='word_1_84' title='bbox 1103 1460 1154 1517; x_wconf 91' lang='lat' dir='ltr'>po-</span> 
     </span>
     <span class='ocr_line' id='line_1_13' title="bbox 140 1522 1003 1611; baseline 0.003 -25"><span class='ocrx_word' id='word_1_85' title='bbox 140 1529 210 1603; x_wconf 85' lang='lat' dir='ltr'>suit,</span> <span class='ocrx_word' id='word_1_86' title='bbox 233 1532 268 1586; x_wconf 85' lang='lat' dir='ltr'>ut</span> <span class='ocrx_word' id='word_1_87' title='bbox 290 1531 428 1588; x_wconf 78' lang='lat' dir='ltr'>tabernas</span> <span class='ocrx_word' id='word_1_88' title='bbox 452 1548 507 1604; x_wconf 91' lang='lat' dir='ltr'>pro</span> <span class='ocrx_word' id='word_1_89' title='bbox 529 1531 737 1589; x_wconf 87' lang='lat' dir='ltr'>humilioribus</span> <span class='ocrx_word' id='word_1_90' title='bbox 761 1522 848 1610; x_wconf 71' lang='lat' dir='ltr'>(AF</span> <span class='ocrx_word' id='word_1_91' title='bbox 859 1523 950 1611; x_wconf 91' lang='grc' dir='ltr'>(ναν)</span> <span class='ocrx_word' id='word_1_92' title='bbox 961 1549 975 1588; x_wconf 80' lang='lat' dir='ltr'><strong><em>c</em></strong></span> <span class='ocrx_word' id='word_1_93' title='bbox 979 1549 1003 1603; x_wconf 75' lang='lat' dir='ltr'>p</span> 
     </span>
    </p>
   </div>
   <div class='ocr_carea' id='block_1_9' title="bbox 27 1627 1155 1924">
    <p class='ocr_par' dir='ltr' id='par_1_9' title="bbox 27 1627 1155 1924">
     <span class='ocr_line' id='line_1_14' title="bbox 232 1627 1155 1713; baseline 0 -21"><span class='ocrx_word' id='word_1_94' title='bbox 232 1627 289 1694; x_wconf 82' lang='lat'>15.</span> <span class='ocrx_word' id='word_1_95' title='bbox 322 1629 441 1713; x_wconf 71' lang='lat' dir='ltr'>suumn]</span> <span class='ocrx_word' id='word_1_96' title='bbox 482 1635 540 1694; x_wconf 90' lang='lat' dir='ltr'>Pro</span> <span class='ocrx_word' id='word_1_97' title='bbox 568 1637 704 1694; x_wconf 90' lang='lat' dir='ltr'>breuium</span> <span class='ocrx_word' id='word_1_98' title='bbox 732 1655 877 1695; x_wconf 79' lang='lat' dir='ltr'>annorum</span> <span class='ocrx_word' id='word_1_99' title='bbox 899 1655 1022 1695; x_wconf 89' lang='lat' dir='ltr'>numero</span> <span class='ocrx_word' id='word_1_100' title='bbox 1045 1637 1155 1712; x_wconf 78' lang='lat' dir='ltr'>posuit,</span> 
     </span>
     <span class='ocr_line' id='line_1_15' title="bbox 140 1717 656 1806; baseline 0.006 -27"><span class='ocrx_word' id='word_1_101' title='bbox 140 1725 175 1780; x_wconf 87' lang='lat' dir='ltr'>ut</span> <span class='ocrx_word' id='word_1_102' title='bbox 197 1722 347 1800; x_wconf 78' lang='lat' dir='ltr'>Vergilius</span> <span class='ocrx_word' id='word_1_103' title='bbox 372 1717 478 1803; x_wconf 71' lang='lat' dir='ltr'>(georg.</span> <span class='ocrx_word' id='word_1_104' title='bbox 498 1724 545 1781; x_wconf 89' lang='lat' dir='ltr'>HI</span> <span class='ocrx_word' id='word_1_105' title='bbox 565 1717 656 1806; x_wconf 80' lang='lat'>284):</span> 
     </span>
     <span class='ocr_line' id='line_1_16' title="bbox 27 1845 1043 1924; baseline 0.005 -23"><span class='ocrx_word' id='word_1_106' title='bbox 27 1896 31 1901; x_wconf 88' lang='lat'>.</span> <span class='ocrx_word' id='word_1_107' title='bbox 88 1858 121 1905; x_wconf 84' lang='lat'>15</span> <span class='ocrx_word' id='word_1_108' title='bbox 275 1845 333 1904; x_wconf 85' lang='lat' dir='ltr'>Sed</span> <span class='ocrx_word' id='word_1_109' title='bbox 355 1847 435 1924; x_wconf 85' lang='lat' dir='ltr'>fugit</span> <span class='ocrx_word' id='word_1_110' title='bbox 457 1849 580 1921; x_wconf 78' lang='lat' dir='ltr'>intereo,</span> <span class='ocrx_word' id='word_1_111' title='bbox 603 1848 682 1924; x_wconf 82' lang='lat' dir='ltr'>fugit</span> <span class='ocrx_word' id='word_1_112' title='bbox 704 1849 903 1924; x_wconf 82' lang='lat' dir='ltr'>inreparabile</span> <span class='ocrx_word' id='word_1_113' title='bbox 926 1852 1043 1923; x_wconf 87' lang='lat' dir='ltr'>tempus</span> 
     </span>
    </p>
   </div>
   <div class='ocr_carea' id='block_1_10' title="bbox 141 1978 1155 2278">
    <p class='ocr_par' dir='ltr' id='par_1_10' title="bbox 141 1978 1155 2278">
     <span class='ocr_line' id='line_1_17' title="bbox 141 1978 478 2068; baseline 0.006 -25"><span class='ocrx_word' id='word_1_114' title='bbox 141 1978 229 2067; x_wconf 70' lang='lat' dir='ltr'>(AF</span> <span class='ocrx_word' id='word_1_115' title='bbox 240 1978 330 2068; x_wconf 94' lang='grc' dir='ltr'>(ναν)</span> <span class='ocrx_word' id='word_1_116' title='bbox 341 2004 356 2044; x_wconf 83' lang='lat' dir='ltr'>e</span> <span class='ocrx_word' id='word_1_117' title='bbox 369 2004 445 2045; x_wconf 78' lang='lat' dir='ltr'>cous.</span> <span class='ocrx_word' id='word_1_118' title='bbox 454 2007 478 2060; x_wconf 88' lang='lat' dir='ltr'>p</span> 
     </span>
     <span class='ocr_line' id='line_1_18' title="bbox 231 2085 914 2176; baseline 0.006 -27"><span class='ocrx_word' id='word_1_119' title='bbox 231 2091 376 2150; x_wconf 79' lang='lat' dir='ltr'>*Summa</span> <span class='ocrx_word' id='word_1_120' title='bbox 398 2085 461 2174; x_wconf 84' lang='grc' dir='ltr'>(ν)]</span> <span class='ocrx_word' id='word_1_121' title='bbox 504 2094 684 2169; x_wconf 79' lang='lat' dir='ltr'>Supputatio</span> <span class='ocrx_word' id='word_1_122' title='bbox 709 2086 760 2174; x_wconf 84' lang='grc' dir='ltr'>(Γ’</span> <span class='ocrx_word' id='word_1_123' title='bbox 770 2087 861 2176; x_wconf 85' lang='grc' dir='ltr'>(ναν)</span> <span class='ocrx_word' id='word_1_124' title='bbox 872 2112 887 2153; x_wconf 80' lang='grc' dir='ltr'>ν</span> <span class='ocrx_word' id='word_1_125' title='bbox 890 2114 914 2167; x_wconf 78' lang='lat' dir='ltr'>p</span> 
     </span>
     <span class='ocr_line' id='line_1_19' title="bbox 233 2190 1155 2278; baseline 0.003 -23"><span class='ocrx_word' id='word_1_126' title='bbox 233 2190 290 2256; x_wconf 84' lang='grc'>16.</span> <span class='ocrx_word' id='word_1_127' title='bbox 314 2216 517 2264; x_wconf 71' lang='lat' dir='ltr'>suumunovn</span> <span class='ocrx_word' id='word_1_128' title='bbox 540 2194 656 2278; x_wconf 67' lang='lat' dir='ltr'>uenus]</span> <span class='ocrx_word' id='word_1_129' title='bbox 688 2201 790 2259; x_wconf 81' lang='lat' dir='ltr'>Manes</span> <span class='ocrx_word' id='word_1_130' title='bbox 814 2201 857 2258; x_wconf 92' lang='lat' dir='ltr'>dii</span> <span class='ocrx_word' id='word_1_131' title='bbox 879 2201 949 2259; x_wconf 90' lang='lat' dir='ltr'>boni</span> <span class='ocrx_word' id='word_1_132' title='bbox 972 2201 1155 2275; x_wconf 82' lang='lat' dir='ltr'>dicebantur,</span> 
     </span>
    </p>
   </div>
   <div class='ocr_carea' id='block_1_11' title="bbox 141 2284 1153 2367">
    <p class='ocr_par' dir='ltr' id='par_1_11' title="bbox 141 2284 1153 2367">
     <span class='ocr_line' id='line_1_20' title="bbox 141 2284 1153 2367; baseline 0.004 -24"><span class='ocrx_word' id='word_1_133' title='bbox 141 2287 219 2344; x_wconf 90' lang='lat' dir='ltr'>unde</span> <span class='ocrx_word' id='word_1_134' title='bbox 243 2289 272 2344; x_wconf 87' lang='lat' dir='ltr'>et</span> <span class='ocrx_word' id='word_1_135' title='bbox 295 2305 382 2345; x_wconf 84' lang='lat' dir='ltr'>mane</span> <span class='ocrx_word' id='word_1_136' title='bbox 405 2290 535 2346; x_wconf 82' lang='lat' dir='ltr'>tractum</span> <span class='ocrx_word' id='word_1_137' title='bbox 558 2292 695 2363; x_wconf 83' lang='lat' dir='ltr'>putatur,</span> <span class='ocrx_word' id='word_1_138' title='bbox 719 2293 771 2347; x_wconf 82' lang='lat' dir='ltr'>aut</span> <span class='ocrx_word' id='word_1_139' title='bbox 794 2292 872 2347; x_wconf 81' lang='lat' dir='ltr'>certe</span> <span class='ocrx_word' id='word_1_140' title='bbox 896 2284 1029 2367; x_wconf 87' lang='lat' dir='ltr'>[somnus</span> <span class='ocrx_word' id='word_1_141' title='bbox 1052 2291 1153 2365; x_wconf 85' lang='lat' dir='ltr'>potius</span> 
     </span>
    </p>
   </div>
   <div class='ocr_carea' id='block_1_12' title="bbox 88 2369 1152 2542">
    <p class='ocr_par' dir='ltr' id='par_1_12' title="bbox 88 2369 1152 2542">
     <span class='ocr_line' id='line_1_21' title="bbox 88 2369 1152 2542; baseline -0.001 -108"><span class='ocrx_word' id='word_1_142' title='bbox 88 2387 121 2434; x_wconf 68' lang='grc' dir='ltr'>νο</span> <span class='ocrx_word' id='word_1_143' title='bbox 140 2373 379 2542; x_wconf 45' lang='grc' dir='ltr'>(Τιῖαιηὲωίηΐθνί,</span> <span class='ocrx_word' id='word_1_144' title='bbox 414 2378 466 2451; x_wconf 86' lang='lat' dir='ltr'>qui</span> <span class='ocrx_word' id='word_1_145' title='bbox 498 2380 568 2435; x_wconf 87' lang='lat' dir='ltr'>sunt</span> <span class='ocrx_word' id='word_1_146' title='bbox 599 2378 741 2452; x_wconf 83' lang='lat' dir='ltr'>fabulosi,</span> <span class='ocrx_word' id='word_1_147' title='bbox 773 2378 850 2435; x_wconf 94' lang='lat' dir='ltr'>unde</span> <span class='ocrx_word' id='word_1_148' title='bbox 882 2377 1032 2454; x_wconf 85' lang='lat' dir='ltr'>Vergilius</span> <span class='ocrx_word' id='word_1_149' title='bbox 1065 2369 1152 2456; x_wconf 83' lang='grc' dir='ltr'>(Αννν.</span> 
     </span>
     <span class='ocr_line' id='line_1_22' title="bbox 204 2466 296 2521; baseline 0.011 -1"><span class='ocrx_word' id='word_1_150' title='bbox 204 2466 221 2520; x_wconf 80' lang='grc'>2</span> <span class='ocrx_word' id='word_1_151' title='bbox 289 2483 296 2521; x_wconf 90' lang='lat'>:</span> 
     </span>
    </p>
   </div>
   <div class='ocr_carea' id='block_1_13' title="bbox 273 2568 1166 2646">
    <p class='ocr_par' dir='ltr' id='par_1_13' title="bbox 273 2568 1166 2646">
     <span class='ocr_line' id='line_1_23' title="bbox 273 2568 1166 2646; baseline 0.001 -20"><span class='ocrx_word' id='word_1_152' title='bbox 273 2568 387 2644; x_wconf 90' lang='lat' dir='ltr'>Perque</span> <span class='ocrx_word' id='word_1_153' title='bbox 410 2569 512 2628; x_wconf 91' lang='lat' dir='ltr'>domos</span> <span class='ocrx_word' id='word_1_154' title='bbox 535 2569 615 2628; x_wconf 88' lang='lat' dir='ltr'>Ditis</span> <span class='ocrx_word' id='word_1_155' title='bbox 639 2588 749 2628; x_wconf 77' lang='lat' dir='ltr'>uacuas</span> <span class='ocrx_word' id='word_1_156' title='bbox 774 2573 803 2628; x_wconf 82' lang='lat' dir='ltr'>et</span> <span class='ocrx_word' id='word_1_157' title='bbox 826 2571 928 2627; x_wconf 82' lang='lat' dir='ltr'>inania</span> <span class='ocrx_word' id='word_1_158' title='bbox 950 2588 1042 2646; x_wconf 83' lang='lat' dir='ltr'>regns</span> <span class='ocrx_word' id='word_1_159' title='bbox 1157 2605 1166 2619; x_wconf 87' lang='lat'><strong>·</strong></span> 
     </span>
    </p>
   </div>
   <div class='ocr_carea' id='block_1_14' title="bbox 141 2684 833 2879">
    <p class='ocr_par' dir='ltr' id='par_1_14' title="bbox 141 2684 833 2879">
     <span class='ocr_line' id='line_1_24' title="bbox 141 2684 463 2773; baseline 0 -24"><span class='ocrx_word' id='word_1_160' title='bbox 141 2687 228 2772; x_wconf 76' lang='grc' dir='ltr'>(ΑΓ</span> <span class='ocrx_word' id='word_1_161' title='bbox 238 2684 328 2773; x_wconf 92' lang='grc' dir='ltr'>(ναν)</span> <span class='ocrx_word' id='word_1_162' title='bbox 340 2710 463 2765; x_wconf 71' lang='lat' dir='ltr'>conuep</span> 
     </span>
     <span class='ocr_line' id='line_1_25' title="bbox 176 2790 833 2879; baseline 0 -24"><span class='ocrx_word' id='word_1_163' title='bbox 176 2800 179 2804; x_wconf 87' lang='grc'><strong>’</strong></span> <span class='ocrx_word' id='word_1_164' title='bbox 231 2790 288 2857; x_wconf 82' lang='grc'>17.</span> <span class='ocrx_word' id='word_1_165' title='bbox 311 2792 439 2875; x_wconf 73' lang='lat' dir='ltr'>hunnis]</span> <span class='ocrx_word' id='word_1_166' title='bbox 469 2798 552 2873; x_wconf 85' lang='lat' dir='ltr'>Ieris,</span> <span class='ocrx_word' id='word_1_167' title='bbox 574 2800 744 2872; x_wconf 87' lang='lat' dir='ltr'>perueneris</span> <span class='ocrx_word' id='word_1_168' title='bbox 768 2790 833 2879; x_wconf 86' lang='grc' dir='ltr'>(Αν</span> 
     </span>
    </p>
   </div>
   <div class='ocr_carea' id='block_1_15' title="bbox 139 3023 1154 3464">
    <p class='ocr_par' dir='ltr' id='par_1_15' title="bbox 139 3023 1154 3464">
     <span class='ocr_line' id='line_1_26' title="bbox 229 3023 1154 3111; baseline 0.009 -25"><span class='ocrx_word' id='word_1_169' title='bbox 229 3023 393 3105; x_wconf 79' lang='grc' dir='ltr'>4Ι)ΕὈΕΤ]</span> <span class='ocrx_word' id='word_1_170' title='bbox 420 3035 487 3088; x_wconf 80' lang='lat' dir='ltr'>lieet</span> <span class='ocrx_word' id='word_1_171' title='bbox 505 3037 533 3089; x_wconf 87' lang='lat' dir='ltr'><strong><em>A</em></strong></span> <span class='ocrx_word' id='word_1_172' title='bbox 604 3037 723 3090; x_wconf 77' lang='lat' dir='ltr'>imolare</span> <span class='ocrx_word' id='word_1_173' title='bbox 741 3038 768 3091; x_wconf 90' lang='lat' dir='ltr'><strong><em>A</em></strong></span> <span class='ocrx_word' id='word_1_174' title='bbox 877 3042 978 3093; x_wconf 78' lang='lat' dir='ltr'>dsunt</span> <span class='ocrx_word' id='word_1_175' title='bbox 996 3041 1077 3111; x_wconf 82' lang='lat' dir='ltr'>Aep]</span> <span class='ocrx_word' id='word_1_176' title='bbox 1097 3040 1154 3093; x_wconf 87' lang='lat' dir='ltr'>sint</span> 
     </span>
     <span class='ocr_line' id='line_1_27' title="bbox 139 3106 1152 3181; baseline 0.006 -22"><span class='ocrx_word' id='word_1_177' title='bbox 139 3125 200 3160; x_wconf 93' lang='grc' dir='ltr'>ναν</span> <span class='ocrx_word' id='word_1_178' title='bbox 290 3106 345 3159; x_wconf 86' lang='lat' dir='ltr'>diis</span> <span class='ocrx_word' id='word_1_179' title='bbox 364 3106 521 3175; x_wconf 80' lang='lat' dir='ltr'>agrestibus</span> <span class='ocrx_word' id='word_1_180' title='bbox 540 3110 608 3160; x_wconf 85' lang='lat' dir='ltr'>uoto</span> <span class='ocrx_word' id='word_1_181' title='bbox 627 3109 666 3179; x_wconf 82' lang='lat' dir='ltr'>A]</span> <span class='ocrx_word' id='word_1_182' title='bbox 685 3112 753 3162; x_wconf 84' lang='lat' dir='ltr'>uota</span> <span class='ocrx_word' id='word_1_183' title='bbox 772 3109 827 3162; x_wconf 86' lang='lat' dir='ltr'>diis</span> <span class='ocrx_word' id='word_1_184' title='bbox 846 3126 908 3178; x_wconf 85' lang='lat' dir='ltr'>agr:</span> <span class='ocrx_word' id='word_1_185' title='bbox 928 3117 984 3165; x_wconf 80' lang='lat' dir='ltr'>cett.</span> <span class='ocrx_word' id='word_1_186' title='bbox 1075 3111 1152 3181; x_wconf 87' lang='lat' dir='ltr'>uirg:</span> 
     </span>
     <span class='ocr_line' id='line_1_28' title="bbox 140 3177 1152 3252; baseline 0.007 -22"><span class='ocrx_word' id='word_1_187' title='bbox 140 3178 215 3231; x_wconf 83' lang='lat' dir='ltr'>codd.</span> <span class='ocrx_word' id='word_1_188' title='bbox 313 3183 328 3229; x_wconf 79' lang='lat'><strong>7</strong></span> <span class='ocrx_word' id='word_1_189' title='bbox 347 3177 466 3246; x_wconf 82' lang='lat' dir='ltr'>pingues</span> <span class='ocrx_word' id='word_1_190' title='bbox 485 3179 552 3248; x_wconf 80' lang='lat' dir='ltr'>agni</span> <span class='ocrx_word' id='word_1_191' title='bbox 571 3181 648 3248; x_wconf 83' lang='lat' dir='ltr'>(unni</span> <span class='ocrx_word' id='word_1_192' title='bbox 666 3181 692 3249; x_wconf 90' lang='grc' dir='ltr'>ν)</span> <span class='ocrx_word' id='word_1_193' title='bbox 711 3182 803 3250; x_wconf 82' lang='lat' dir='ltr'>rodd.;</span> <span class='ocrx_word' id='word_1_194' title='bbox 827 3181 904 3252; x_wconf 79' lang='lat' dir='ltr'>Vrrp.</span> <span class='ocrx_word' id='word_1_195' title='bbox 924 3198 989 3237; x_wconf 85' lang='lat' dir='ltr'>uero</span> <span class='ocrx_word' id='word_1_196' title='bbox 1007 3189 1032 3236; x_wconf 82' lang='lat' dir='ltr'>et</span> <span class='ocrx_word' id='word_1_197' title='bbox 1050 3185 1152 3250; x_wconf 83' lang='lat' dir='ltr'>Porpb.</span> 
     </span>
     <span class='ocr_line' id='line_1_29' title="bbox 140 3249 1152 3322; baseline 0.007 -22"><span class='ocrx_word' id='word_1_198' title='bbox 140 3249 226 3301; x_wconf 77' lang='lat' dir='ltr'>exheb.</span> <span class='ocrx_word' id='word_1_199' title='bbox 248 3249 337 3301; x_wconf 90' lang='lat' dir='ltr'>somni</span> <span class='ocrx_word' id='word_1_200' title='bbox 357 3249 452 3302; x_wconf 84' lang='lat' dir='ltr'>dulces</span> <span class='ocrx_word' id='word_1_201' title='bbox 525 3252 714 3319; x_wconf 85' lang='lat' dir='ltr'>9epytheton</span> <span class='ocrx_word' id='word_1_202' title='bbox 728 3254 755 3305; x_wconf 91' lang='lat' dir='ltr'><strong><em>A</em></strong></span> <span class='ocrx_word' id='word_1_203' title='bbox 830 3258 862 3305; x_wconf 85' lang='lat'>14</span> <span class='ocrx_word' id='word_1_204' title='bbox 876 3253 951 3321; x_wconf 87' lang='lat' dir='ltr'>uirg:</span> <span class='ocrx_word' id='word_1_205' title='bbox 971 3254 1047 3307; x_wconf 81' lang='lat' dir='ltr'>codd.</span> <span class='ocrx_word' id='word_1_206' title='bbox 1085 3254 1152 3322; x_wconf 88' lang='lat' dir='ltr'>(inr:</span> 
     </span>
     <span class='ocr_line' id='line_1_30' title="bbox 140 3319 1152 3393; baseline 0.006 -21"><span class='ocrx_word' id='word_1_207' title='bbox 140 3334 210 3372; x_wconf 82' lang='lat' dir='ltr'>omu.</span> <span class='ocrx_word' id='word_1_208' title='bbox 230 3319 317 3387; x_wconf 82' lang='lat' dir='ltr'>codd.)</span> <span class='ocrx_word' id='word_1_209' title='bbox 391 3325 423 3373; x_wconf 84' lang='lat'>19</span> <span class='ocrx_word' id='word_1_210' title='bbox 444 3323 493 3374; x_wconf 80' lang='lat' dir='ltr'>aut</span> <span class='ocrx_word' id='word_1_211' title='bbox 512 3324 587 3375; x_wconf 83' lang='lat' dir='ltr'>certe</span> <span class='ocrx_word' id='word_1_212' title='bbox 606 3340 718 3376; x_wconf 86' lang='lat' dir='ltr'>somnus</span> <span class='ocrx_word' id='word_1_213' title='bbox 736 3324 831 3392; x_wconf 87' lang='lat' dir='ltr'>potius</span> <span class='ocrx_word' id='word_1_214' title='bbox 850 3326 878 3377; x_wconf 88' lang='lat' dir='ltr'><strong><em>A</em></strong></span> <span class='ocrx_word' id='word_1_215' title='bbox 897 3327 947 3377; x_wconf 85' lang='lat' dir='ltr'>aut</span> <span class='ocrx_word' id='word_1_216' title='bbox 965 3327 1040 3377; x_wconf 82' lang='lat' dir='ltr'>certe</span> <span class='ocrx_word' id='word_1_217' title='bbox 1058 3325 1152 3393; x_wconf 86' lang='lat' dir='ltr'>potius</span> 
     </span>
     <span class='ocr_line' id='line_1_31' title="bbox 140 3392 1153 3464; baseline 0.006 -22"><span class='ocrx_word' id='word_1_218' title='bbox 140 3407 287 3444; x_wconf 82' lang='lat' dir='ltr'>somnusr</span> <span class='ocrx_word' id='word_1_219' title='bbox 314 3393 364 3444; x_wconf 82' lang='lat' dir='ltr'>aut</span> <span class='ocrx_word' id='word_1_220' title='bbox 382 3392 477 3460; x_wconf 86' lang='lat' dir='ltr'>potius</span> <span class='ocrx_word' id='word_1_221' title='bbox 496 3394 604 3462; x_wconf 84' lang='lat' dir='ltr'>(pocius</span> <span class='ocrx_word' id='word_1_222' title='bbox 623 3396 652 3464; x_wconf 89' lang='grc' dir='ltr'>α)</span> <span class='ocrx_word' id='word_1_223' title='bbox 680 3395 730 3447; x_wconf 79' lang='lat' dir='ltr'>aut</span> <span class='ocrx_word' id='word_1_224' title='bbox 749 3396 808 3463; x_wconf 72' lang='lat' dir='ltr'>(opt</span> <span class='ocrx_word' id='word_1_225' title='bbox 826 3397 853 3463; x_wconf 89' lang='grc' dir='ltr'>ν)</span> <span class='ocrx_word' id='word_1_226' title='bbox 879 3397 953 3448; x_wconf 84' lang='lat' dir='ltr'>certe</span> <span class='ocrx_word' id='word_1_227' title='bbox 972 3412 1084 3448; x_wconf 89' lang='lat' dir='ltr'>somnus</span> <span class='ocrx_word' id='word_1_228' title='bbox 1103 3413 1153 3463; x_wconf 93' lang='lat' dir='ltr'>po-</span> 
     </span>
    </p>
   </div>
   <div class='ocr_carea' id='block_1_16' title="bbox 140 3461 1153 3603">
    <p class='ocr_par' dir='ltr' id='par_1_16' title="bbox 140 3461 1153 3603">
     <span class='ocr_line' id='line_1_32' title="bbox 140 3461 1153 3534; baseline 0.005 -20"><span class='ocrx_word' id='word_1_229' title='bbox 140 3461 199 3514; x_wconf 84' lang='lat' dir='ltr'>cius</span> <span class='ocrx_word' id='word_1_230' title='bbox 219 3481 259 3515; x_wconf 89' lang='grc' dir='ltr'>αν</span> <span class='ocrx_word' id='word_1_231' title='bbox 367 3480 479 3517; x_wconf 89' lang='lat' dir='ltr'>somnus</span> <span class='ocrx_word' id='word_1_232' title='bbox 497 3465 592 3533; x_wconf 87' lang='lat' dir='ltr'>potius</span> <span class='ocrx_word' id='word_1_233' title='bbox 611 3481 696 3534; x_wconf 83' lang='lat' dir='ltr'>quam</span> <span class='ocrx_word' id='word_1_234' title='bbox 715 3481 809 3532; x_wconf 81' lang='lat' dir='ltr'>orruop</span> <span class='ocrx_word' id='word_1_235' title='bbox 822 3465 950 3519; x_wconf 81' lang='lat' dir='ltr'>Hautbal</span> <span class='ocrx_word' id='word_1_236' title='bbox 1057 3471 1091 3519; x_wconf 80' lang='lat'>20</span> <span class='ocrx_word' id='word_1_237' title='bbox 1110 3467 1153 3519; x_wconf 90' lang='lat' dir='ltr'>in-</span> 
     </span>
     <span class='ocr_line' id='line_1_33' title="bbox 140 3531 494 3603; baseline 0.011 -19"><span class='ocrx_word' id='word_1_238' title='bbox 140 3531 207 3585; x_wconf 86' lang='lat' dir='ltr'>ferri</span> <span class='ocrx_word' id='word_1_239' title='bbox 224 3534 252 3586; x_wconf 91' lang='lat' dir='ltr'><strong><em>A</em></strong></span> <span class='ocrx_word' id='word_1_240' title='bbox 323 3533 399 3603; x_wconf 86' lang='lat' dir='ltr'>uirg:</span> <span class='ocrx_word' id='word_1_241' title='bbox 419 3536 494 3588; x_wconf 83' lang='lat' dir='ltr'>codd.</span> 
     </span>
    </p>
   </div>
   <div class='ocr_carea' id='block_1_17' title="bbox 0 0 1267 3840">
    <p class='ocr_par' dir='ltr' id='par_1_17' title="bbox 0 0 1267 3840">
     <span class='ocr_line' id='line_1_34' title="bbox 0 0 1267 3840; baseline 0 0"><span class='ocrx_word' id='word_1_242' title='bbox 0 0 1267 3840; x_wconf 95' lang='lat' dir='ltr'> </span> 
     </span>
    </p>
   </div>
  </div>
 </body>
</html>
