2490 3840
139 186 203 250 338
470 184 661 239 EXPOSITIO
679 184 719 237 IN
737 184 821 240 HOR.

229 347 286 415 29.
323 370 441 412 scaras
467 347 643 431 cremavi]
684 352 776 412 Filios
800 373 817 410 a
839 356 1001 428 parentum
1025 372 1089 415 non
1111 354 1157 412 de

140 461 280 522 generare
303 443 415 502 uirtute
439 434 517 522 (AV

141 622 181 679 75
212 523 287 700 7333).
329 547 386 589 nsr
422 549 454 589 m
490 548 579 596 roms
616 524 755 608 sunnon]
799 529 842 588 Vt
872 522 977 610 (Vero.
994 547 1094 605 oeory.
1113 531 1157 589 III

104 758 120 806 t
459 743 576 802 Pecoris
600 743 734 820 generosi
757 743 858 818 pullus
881 744 913 800 in
939 744 1022 802 aruis

272 832 372 891 Altius
395 831 561 909 ingreditur
584 823 663 912 (AV

229 967 288 1034 33.
325 968 464 1052 marran]
505 973 682 1031 Natnalem
705 964 785 1053 (AV
818 1026 825 1036 s

229 1053 287 1123 34.
325 1079 479 1127 nscmovs
504 1055 635 1139 cvanvs]
676 1062 762 1121 Bona
783 1061 973 1120 institutione
997 1061 1085 1121 reddi
1106 1062 1153 1122 bo·

139 1173 210 1211 num
237 1155 363 1210 naturae
385 1150 563 1227 perlectum
590 1169 667 1225 quae
691 1151 717 1208 si
740 1150 830 1224 desit,
857 1149 930 1208 bene
953 1154 1028 1209 nata
1052 1151 1153 1227 depra-

88 1242 206 1301 leuari
230 1232 308 1320 (AV

228 1321 384 1406 puerone]
424 1327 461 1384 In
492 1326 610 1385 laudem
637 1326 768 1404 Augusti
798 1326 923 1402 dictum,
956 1329 1040 1386 cuius
1068 1327 1151 1386 domo

138 1419 270 1478 Nerones
298 1417 397 1476 educti
424 1415 613 1491 disciplinam
641 1433 778 1491 accepere
804 1417 952 1474 uirtutum
980 1408 1061 1497 (AV
1080 1432 1152 1476 eoas.

139 1508 243 1580 Porpb.

228 1586 406 1670 aceessum]
448 1590 630 1651 Confirmant
654 1584 731 1672 (AV

87 1695 120 1743 15
230 1674 288 1741 36.
329 1675 540 1758 monocerus]
586 1680 729 1739 indecora
759 1681 874 1739 faciunt
900 1671 981 1760 (AV
996 1676 1031 1740 ea
1049 1682 1151 1754 Porpb.

230 1762 288 1828 38.
330 1785 436 1826 rssms
458 1786 628 1828 uassvnvn
650 1763 692 1847 n]
738 1769 889 1827 Metaurus
913 1769 1022 1828 fluuius
1047 1770 1083 1829 de
1105 1768 1151 1827 Pi-

139 1857 204 1916 ceni
226 1858 381 1933 prouincia
404 1857 508 1931 oriens,
532 1857 563 1914 in
581 1857 761 1915 Flaminiam
785 1857 948 1932 decurrens,
973 1877 1050 1932 quae
1073 1859 1152 1935 regio

140 1944 240 2004 Gallia
277 1945 438 2004 dicebatur.
499 1945 588 2003 quta
625 1946 702 2004 hunc
739 1946 864 2003 fluuium
897 1944 1040 2006 Claudius
1072 1948 1149 2005 Nero

140 2034 241 2093 consul
264 2053 331 2092 eum
355 2031 522 2093 Salinatore
546 2035 661 2110 collega
683 2052 736 2094 suo
759 2035 804 2092 ita
822 2034 1050 2110 Hasdrubalem,
1072 2036 1151 2093 Han-

87 2135 121 2181 20
141 2122 249 2182 nibalis
277 2123 414 2196 fratrem,
442 2123 473 2178 in
501 2121 622 2181 Italiam
651 2123 761 2182 auxilio
789 2123 877 2180 fratri
903 2143 1047 2200 magnum
1075 2143 1150 2183 exer·

140 2213 233 2270 citum
256 2209 448 2269 deducentem
471 2210 591 2285 deuicit,
613 2214 648 2269 ut
670 2230 723 2270 neo
742 2212 907 2288 profectum
927 2232 941 2270 e
960 2214 1068 2272 castris
1087 2232 1152 2272 oon·

140 2301 234 2358 sulem
257 2298 422 2373 Hannibal,
454 2298 525 2357 dum
553 2300 584 2356 in
608 2302 765 2375 conspeetu
789 2303 887 2358 castra
908 2302 1068 2376 munisset,
1100 2320 1151 2360 nec

140 2406 292 2447 reuersum
316 2391 385 2446 ante
408 2390 606 2465 cognosceret,
629 2408 719 2463 quam
737 2388 839 2447 fratris
858 2393 948 2464 caput
968 2393 1038 2448 ante
1057 2393 1153 2448 castra

140 2478 305 2552 proiectum
337 2480 367 2535 et
399 2476 434 2535 de
464 2478 593 2535 exercitu
621 2477 683 2535 eius
710 2476 824 2535 Poenos
852 2478 987 2552 captiuos
1015 2479 1152 2552 uidisset3

88 2575 122 2624 25
143 2584 201 2641 quo
224 2566 303 2625 bello
326 2583 416 2642 supra
439 2567 570 2640 quinque
589 2567 619 2623 et
637 2565 837 2642 quadraginta
854 2567 938 2623 milia
956 2565 1153 2625 Hasdrubalis

144 2655 288 2713 exercitus
311 2672 397 2713 caesa
418 2653 587 2712 relemmtur
609 2644 688 2733 (AV
703 2655 900 2727 cooaPorpb,
918 2655 969 2713 sed
986 2656 1081 2714 mutto
1099 2673 1152 2714 om.

230 2839 332 2909 lnon]
351 2844 387 2893 ιῖο
406 2841 434 2893 A
452 2839 565 2893 nomine
585 2841 646 2908 ch
753 2840 883 2908 bpecori
901 2841 929 2893 A
1009 2843 1086 2895 aruis
1105 2843 1152 2913 cp]

140 2910 235 2963 amuis
253 2910 281 2962 A
300 2912 359 2965 aV
451 2915 466 2963 9
485 2912 585 2964 nature
604 2911 665 2964 AV
678 2911 807 2964 naturale
826 2928 863 2979 cp
958 2917 991 2964 11
1012 2914 1105 2985 cuius]
1123 2914 1153 2966 in

140 2981 219 3033 cuius
238 2982 339 3049 Porpb.
418 2987 450 3033 12
471 2983 639 3050 acceperunt
659 2983 686 3036 V
755 2987 786 3034 17
829 2982 922 3034 uintia
941 2983 969 3035 A
1045 2989 1077 3037 19
1097 2984 1152 3038 eol-

139 3050 205 3120 lega
224 3066 272 3104 suo
284 3051 355 3120 ch]
375 3067 425 3104 suo
444 3051 590 3121 collegaA
661 2999 895 3122 hasdrubafbmc]
916 3052 1153 3122 asdrubalcmAp

140 3121 331 3174 hastrubalem
352 3123 378 3176 V
445 3127 480 3174 20
497 3123 609 3176 italiam
627 3140 642 3178 c
659 3130 685 3177 et
702 3125 904 3193 Porphyrionis
918 3125 955 3193 P]
975 3124 1059 3177 italia
1074 3127 1152 3194 AVp

140 3193 241 3260 Porpb.
332 3192 500 3246 excercitum
519 3194 546 3247 A
654 3200 688 3247 22
707 3194 844 3249 hannibal
864 3196 912 3265 Vc]
931 3195 1049 3248 annibal
1068 3198 1120 3266 Ap

140 3263 276 3315 munisset
294 3263 320 3332 c]
338 3263 506 3318 muniuisset
520 3281 542 3333 p
560 3265 717 3327 munissent
735 3267 796 3320 AV
864 3271 897 3318 23
917 3268 1100 3335 cognosceret
1114 3268 1152 3337 A]

138 3336 350 3403 recognosceret
370 3336 430 3403 ch
501 3339 536 3387 24
554 3337 694 3389 excercitu
713 3338 740 3389 A
812 3354 899 3405 pnos
918 3338 946 3390 A
1018 3339 1153 3404 251111111-

137 3420 193 3473 que
221 3407 250 3459 et
278 3405 467 3478 qnadraginta
489 3406 569 3476 milia
588 3409 653 3476 Ap,·
680 3409 776 3473 occ.V;
803 3353 885 3474 niu,
904 3409 1003 3463 occaso
1025 3409 1119 3476 milia,
1138 3427 1152 3463 c

125 3475 205 3544 (LVI
213 3477 299 3534 milia
314 3479 384 3538 dicit
393 3481 511 3552 Molas)
581 3478 766 3534 hasdrubalis
778 3478 1008 3544 Aebnastxubalis
1019 3482 1045 3531 V
1056 3480 1153 3532 asdru-

115 3549 195 3607 balis
214 3555 250 3611 P
325 3561 358 3614 26
381 3555 548 3614 excercitus
571 3554 600 3609 A
