2490 3840
142 194 209 259 314
475 191 664 248 EXPOSITIO
682 192 722 247 IN
739 191 824 248 flou.

141 450 172 508 H
191 353 291 531 4933·
333 354 525 439 nuorirevu]
570 360 680 437 Eiecit,
714 363 855 436 remouit,
891 363 926 420 ut
958 353 1070 442 (Vero.
1089 359 1166 421 Acro

301 573 402 632 Emoti
425 572 623 649 procumbunt
645 572 765 632 cordine
787 576 887 649 postes
911 566 994 655 (AV
1022 624 1027 639 ,

233 705 290 774 12.
314 733 353 772 nr
376 731 514 775 vnrnsns
537 731 712 774 nnvoonvrr
734 709 848 794 mnne]
888 714 925 772 In
947 716 996 774 his
1016 718 1161 790 quattuor

100 801 305 861 ouirtutibus
337 806 452 862 ueteres
484 803 581 862 uitae·
598 804 676 862 crtes
708 821 770 863 esse
800 802 951 863 dicebant:
988 803 1159 879 prudentis,

140 891 268 966 iustitia,
289 890 465 950 fortitudine
489 893 519 949 et
541 893 748 967 temperantia.
787 891 846 951 Per
867 892 921 950 hus
944 911 1068 950 omnem
1086 893 1158 968 poli·

140 979 216 1038 tiam
239 981 375 1039 constare
397 980 557 1039 uoluerunt
580 971 659 1060 (AV
707 1008 710 1015 Δ

228 1079 343 1163 nurns]
383 1084 564 1160 Disciplinus
588 1077 668 1166 (AV

231 1183 289 1252 15.
331 1209 373 1248 su
397 1184 509 1268 onnus]
554 1189 598 1249 Vt
614 1183 724 1272 (Vcrp.
743 1190 817 1252 Acro.
835 1191 852 1249 Ι
871 1192 946 1255 287.
966 1184 1063 1272 288);

87 1325 121 1375 10
273 1312 586 1392 ImperiumuOceuno,
608 1315 720 1375 famum
743 1316 795 1392 qni
817 1309 958 1374 terminet
982 1317 1083 1391 astris,

273 1403 368 1463 Iulius
394 1394 472 1484 (AV
487 1404 551 1462 sim
566 1405 613 1462 I't
976 1406 980 1412 '

232 1536 290 1605 16.
314 1538 414 1622 sonis]
450 1542 499 1601 Ab
517 1541 638 1602 Oriente
662 1544 700 1602 ud
719 1541 863 1603 Occusum
885 1545 1047 1621 imperium
1066 1545 1152 1623 signi·

140 1631 210 1692 ficut
231 1634 401 1708 peruenisse
420 1632 596 1708 Romanum,
619 1635 653 1690 ut
672 1625 775 1714 (Vcry.
794 1631 868 1692 Aen.
887 1632 948 1690 VH
968 1635 1042 1692 100.
1065 1625 1154 1714 101):

566 1753 632 1825 Qus
655 1757 700 1815 sel
722 1759 882 1832 utrumque
903 1775 1062 1816 recurrens

87 1855 121 1904 lo
300 1843 434 1920 Respicit
456 1840 607 1903 Oceanum
629 1836 709 1927 (AV

228 1980 422 2065 <n>nsrn1n0
447 1979 563 2064 ovum]
604 1985 651 2044 Ab
675 1983 789 2044 Occasu
814 1979 893 2067 (AV

232 2082 289 2152 17.
309 2082 366 2152 18.
389 2086 492 2170 (uno)
509 2108 612 2151 runos
631 2085 756 2170 orunss]
792 2092 855 2151 Nec
872 2093 985 2151 bellum
1004 2094 1094 2152 ciuile
1113 2095 1156 2152 cst

139 2196 193 2238 nec
215 2179 262 2238 uis
284 2181 434 2269 inquietet
456 2178 551 2239 otium
574 2173 653 2261 (AV

229 2285 292 2343 *Vt
315 2277 424 2366 (Vero
437 2284 512 2345 Aeo.
530 2285 547 2343 Ι
566 2277 659 2366 291):

85 2419 121 2468 20
295 2410 410 2487 Aspera
437 2412 503 2468 tum
529 2410 635 2485 positis
662 2409 819 2468 mitescent
841 2410 959 2469 saecule
982 2409 1071 2470 bellis
1096 2403 1155 2493 (Pb

232 2543 289 2611 18.
325 2544 455 2629 nuens]
496 2550 642 2609 Excludet
665 2542 744 2631 (AV
759 2568 793 2609 ex
810 2550 918 2625 Porpt.

231 2648 288 2717 19.
312 2673 467 2718 ruoovmr
491 2649 599 2734 rusus]
640 2656 800 2716 Incudibus
818 2656 957 2733 procudit
975 2660 1006 2715 ot
1024 2658 1155 2718 fabricet

140 2737 220 2826 (AV
234 2762 269 2804 ec
285 2745 392 2820 Porpt.

229 2832 293 2892 *Vt
316 2826 419 2915 (Verp.
437 2830 512 2893 Aeo.
530 2831 590 2890 VH
610 2824 703 2913 508):

85 2967 121 3016 ss
301 2957 406 3016 Telum
427 2959 473 3016 irc
495 2956 570 3016 facit
593 2947 638 3037 (Γ

227 3183 245 3232 6
263 3176 468 3247 temperatione
488 3178 515 3232 V
603 3193 655 3246 per
672 3177 723 3231 hos
742 3192 838 3231 omncs
857 3178 985 3230 constare
1003 3178 1156 3234 noluerunt

139 3247 305 3316 disciplinas
322 3265 361 3318 cp
432 3263 543 3302 omnem
556 3247 686 3316 politium
696 3249 736 3318 A]
750 3264 832 3301 omne
845 3254 968 3316 sequente
981 3249 1125 3307 cacmav

141 3323 174 3373 16
192 3318 339 3406 (lffcsperio
359 3320 396 3389 V)
469 3323 502 3372 17
517 3317 587 3388 (Noc
605 3317 662 3388 Vp)
735 3318 841 3372 bollum
855 3350 888 3358 -
902 3318 993 3372 otium
1006 3321 1046 3392 A]
1062 3320 1090 3375 b.
1105 3338 1131 3377 c.
1144 3321 1155 3374 i

139 3422 174 3461 cx
190 3406 264 3464 otV
343 3411 376 3461 18
395 3406 537 3478 inquietet
550 3408 589 3461 K.
620 3407 715 3474 inquit
732 3408 761 3460 et
780 3409 810 3460 ut
823 3408 860 3472 A,
878 3412 964 3461 totum
977 3409 1059 3463 schol.
1074 3425 1155 3464 orn.c

127 3481 175 3533 cst
186 3512 223 3523 —
236 3480 331 3540 otium
350 3497 403 3540 om.
420 3496 443 3554 p
540 3484 579 3534 22
630 3477 720 3533 eorus
735 3478 764 3530 A
777 3479 812 3529 tu
823 3477 926 3538 toruos,
938 3484 1008 3529 recto
1022 3479 1072 3544 Vp
1088 3496 1153 3545 pro-

115 3551 249 3615 cluditc
322 3554 467 3632 procudit
487 3553 532 3630 V]
549 3547 691 3625 producit
710 3548 780 3612 Aop
