<?xml version="1.0" encoding="UTF-8"?>
<!DOCTYPE html PUBLIC "-//W3C//DTD XHTML 1.0 Transitional//EN"
    "http://www.w3.org/TR/xhtml1/DTD/xhtml1-transitional.dtd">
<html xmlns="http://www.w3.org/1999/xhtml" xml:lang="en" lang="en">
 <head>
  <title>
</title>
<meta http-equiv="Content-Type" content="text/html;charset=utf-8" />
  <meta name='ocr-system' content='tesseract 3.04.00' />
  <meta name='ocr-capabilities' content='ocr_page ocr_carea ocr_par ocr_line ocrx_word'/>
</head>
<body>
  <div class='ocr_page' id='page_1' title='image "./pseudacronissch00kellgoog_0023.png"; bbox 0 0 2490 3840; ppageno 0'>
   <div class='ocr_carea' id='block_1_1' title="bbox 139 179 740 242">
    <p class='ocr_par' dir='ltr' id='par_1_1' title="bbox 139 179 740 242">
     <span class='ocr_line' id='line_1_1' title="bbox 139 179 740 242; baseline 0 -8"><span class='ocrx_word' id='word_1_1' title='bbox 139 180 159 242; x_wconf 80' lang='grc'>2</span> <span class='ocrx_word' id='word_1_2' title='bbox 551 180 638 234; x_wconf 86' lang='lat' dir='ltr'>VITA</span> <span class='ocrx_word' id='word_1_3' title='bbox 655 179 740 235; x_wconf 84' lang='lat' dir='ltr'>HOR.</span> 
     </span>
    </p>
   </div>
   <div class='ocr_carea' id='block_1_2' title="bbox 87 348 1152 1586">
    <p class='ocr_par' dir='ltr' id='par_1_2' title="bbox 138 348 1151 674">
     <span class='ocr_line' id='line_1_2' title="bbox 228 348 1151 424; baseline 0.005 -19"><span class='ocrx_word' id='word_1_4' title='bbox 228 348 307 424; x_wconf 85' lang='lat' dir='ltr'>Ergo</span> <span class='ocrx_word' id='word_1_5' title='bbox 331 349 417 406; x_wconf 91' lang='lat' dir='ltr'>illum</span> <span class='ocrx_word' id='word_1_6' title='bbox 440 349 561 408; x_wconf 86' lang='lat' dir='ltr'>beatum</span> <span class='ocrx_word' id='word_1_7' title='bbox 583 351 669 423; x_wconf 89' lang='lat' dir='ltr'>ponit</span> <span class='ocrx_word' id='word_1_8' title='bbox 692 351 743 424; x_wconf 91' lang='lat' dir='ltr'>qui</span> <span class='ocrx_word' id='word_1_9' title='bbox 767 369 802 407; x_wconf 83' lang='lat' dir='ltr'>ex</span> <span class='ocrx_word' id='word_1_10' title='bbox 825 351 918 407; x_wconf 90' lang='lat' dir='ltr'>animi</span> <span class='ocrx_word' id='word_1_11' title='bbox 936 352 983 408; x_wconf 90' lang='lat' dir='ltr'>sui</span> <span class='ocrx_word' id='word_1_12' title='bbox 1001 353 1151 410; x_wconf 85' lang='lat' dir='ltr'>sententia</span> 
     </span>
     <span class='ocr_line' id='line_1_3' title="bbox 138 437 1150 515; baseline 0.006 -21"><span class='ocrx_word' id='word_1_13' title='bbox 138 438 213 495; x_wconf 89' lang='lat' dir='ltr'>facit</span> <span class='ocrx_word' id='word_1_14' title='bbox 235 437 314 513; x_wconf 93' lang='lat' dir='ltr'>quod</span> <span class='ocrx_word' id='word_1_15' title='bbox 338 439 491 512; x_wconf 29' lang='lat' dir='ltr'>uult31ita</span> <span class='ocrx_word' id='word_1_16' title='bbox 513 441 627 513; x_wconf 87' lang='lat' dir='ltr'>tamen,</span> <span class='ocrx_word' id='word_1_17' title='bbox 654 442 689 496; x_wconf 92' lang='lat' dir='ltr'>ut</span> <span class='ocrx_word' id='word_1_18' title='bbox 711 439 766 496; x_wconf 95' lang='lat' dir='ltr'>hoc</span> <span class='ocrx_word' id='word_1_19' title='bbox 788 439 887 513; x_wconf 89' lang='lat' dir='ltr'>ipsum</span> <span class='ocrx_word' id='word_1_20' title='bbox 911 439 987 498; x_wconf 88' lang='lat' dir='ltr'>uelle</span> <span class='ocrx_word' id='word_1_21' title='bbox 1009 441 1041 496; x_wconf 95' lang='lat' dir='ltr'>in</span> <span class='ocrx_word' id='word_1_22' title='bbox 1064 444 1150 515; x_wconf 83' lang='lat' dir='ltr'>parte</span> 
     </span>
     <span class='ocr_line' id='line_1_4' title="bbox 138 527 1149 601; baseline 0.005 -18"><span class='ocrx_word' id='word_1_23' title='bbox 138 527 302 584; x_wconf 76' lang='lat' dir='ltr'><strong>honestatis</strong></span> <span class='ocrx_word' id='word_1_24' title='bbox 334 529 475 585; x_wconf 81' lang='lat' dir='ltr'>uersatur.</span> <span class='ocrx_word' id='word_1_25' title='bbox 536 527 607 601; x_wconf 88' lang='lat' dir='ltr'>Ipsa</span> <span class='ocrx_word' id='word_1_26' title='bbox 639 529 718 585; x_wconf 91' lang='lat' dir='ltr'>enim</span> <span class='ocrx_word' id='word_1_27' title='bbox 748 527 888 586; x_wconf 88' lang='lat' dir='ltr'>uoluntas</span> <span class='ocrx_word' id='word_1_28' title='bbox 920 547 1067 587; x_wconf 89' lang='lat' dir='ltr'>summum</span> <span class='ocrx_word' id='word_1_29' title='bbox 1099 531 1149 589; x_wconf 95' lang='lat' dir='ltr'>bo-</span> 
     </span>
     <span class='ocr_line' id='line_1_5' title="bbox 138 619 284 674; baseline -0.007 -2"><span class='ocrx_word' id='word_1_30' title='bbox 138 635 210 672; x_wconf 92' lang='lat' dir='ltr'>num</span> <span class='ocrx_word' id='word_1_31' title='bbox 233 619 284 674; x_wconf 89' lang='lat' dir='ltr'>est.</span> 
     </span>
    </p>

    <p class='ocr_par' dir='ltr' id='par_1_3' title="bbox 104 692 1152 1136">
     <span class='ocr_line' id='line_1_6' title="bbox 104 692 1151 766; baseline 0.005 -5"><span class='ocrx_word' id='word_1_32' title='bbox 104 715 119 760; x_wconf 77' lang='lat'>5</span> <span class='ocrx_word' id='word_1_33' title='bbox 227 705 336 762; x_wconf 84' lang='lat' dir='ltr'>Decem</span> <span class='ocrx_word' id='word_1_34' title='bbox 368 707 398 762; x_wconf 89' lang='lat' dir='ltr'>et</span> <span class='ocrx_word' id='word_1_35' title='bbox 426 692 533 762; x_wconf 88' lang='lat' dir='ltr'>nouem</span> <span class='ocrx_word' id='word_1_36' title='bbox 560 703 662 763; x_wconf 92' lang='lat' dir='ltr'>modos</span> <span class='ocrx_word' id='word_1_37' title='bbox 690 708 852 762; x_wconf 78' lang='lat' dir='ltr'><strong>metrorum</strong></span> <span class='ocrx_word' id='word_1_38' title='bbox 879 707 912 762; x_wconf 89' lang='lat' dir='ltr'>in</span> <span class='ocrx_word' id='word_1_39' title='bbox 940 706 1068 765; x_wconf 79' lang='lat' dir='ltr'>carmine</span> <span class='ocrx_word' id='word_1_40' title='bbox 1097 726 1151 766; x_wconf 91' lang='lat' dir='ltr'>suo</span> 
     </span>
     <span class='ocr_line' id='line_1_7' title="bbox 139 792 1150 870; baseline 0.003 -19"><span class='ocrx_word' id='word_1_41' title='bbox 139 794 317 869; x_wconf 87' lang='lat' dir='ltr'>composuit:</span> <span class='ocrx_word' id='word_1_42' title='bbox 344 792 445 850; x_wconf 88' lang='lat' dir='ltr'>Prima</span> <span class='ocrx_word' id='word_1_43' title='bbox 468 794 561 870; x_wconf 88' lang='lat' dir='ltr'>igitur</span> <span class='ocrx_word' id='word_1_44' title='bbox 584 793 638 851; x_wconf 87' lang='lat' dir='ltr'>ode</span> <span class='ocrx_word' id='word_1_45' title='bbox 661 794 829 852; x_wconf 90' lang='lat' dir='ltr'>monocolos</span> <span class='ocrx_word' id='word_1_46' title='bbox 853 797 910 869; x_wconf 90' lang='lat' dir='ltr'>est,</span> <span class='ocrx_word' id='word_1_47' title='bbox 935 796 991 854; x_wconf 93' lang='lat' dir='ltr'>hoc</span> <span class='ocrx_word' id='word_1_48' title='bbox 1015 799 1059 854; x_wconf 87' lang='lat' dir='ltr'>est</span> <span class='ocrx_word' id='word_1_49' title='bbox 1082 815 1150 854; x_wconf 89' lang='lat' dir='ltr'>can·</span> 
     </span>
     <span class='ocr_line' id='line_1_8' title="bbox 138 881 1152 959; baseline 0.006 -21"><span class='ocrx_word' id='word_1_50' title='bbox 138 885 186 939; x_wconf 89' lang='lat' dir='ltr'>tus</span> <span class='ocrx_word' id='word_1_51' title='bbox 218 883 419 940; x_wconf 86' lang='lat' dir='ltr'>unimembris.</span> <span class='ocrx_word' id='word_1_52' title='bbox 469 882 549 939; x_wconf 88' lang='lat' dir='ltr'>Nam</span> <span class='ocrx_word' id='word_1_53' title='bbox 575 881 786 958; x_wconf 84' lang='lat' dir='ltr'>Asclepiadous</span> <span class='ocrx_word' id='word_1_54' title='bbox 818 883 927 941; x_wconf 90' lang='lat' dir='ltr'>dicitur</span> <span class='ocrx_word' id='word_1_55' title='bbox 955 885 1006 959; x_wconf 89' lang='lat' dir='ltr'>qui</span> <span class='ocrx_word' id='word_1_56' title='bbox 1034 889 1152 944; x_wconf 88' lang='lat' dir='ltr'>constat</span> 
     </span>
     <span class='ocr_line' id='line_1_9' title="bbox 138 971 1151 1047; baseline 0.005 -19"><span class='ocrx_word' id='word_1_57' title='bbox 138 990 174 1028; x_wconf 85' lang='lat' dir='ltr'>ex</span> <span class='ocrx_word' id='word_1_58' title='bbox 196 971 334 1046; x_wconf 82' lang='lat' dir='ltr'>spondeo,</span> <span class='ocrx_word' id='word_1_59' title='bbox 358 971 471 1030; x_wconf 91' lang='lat' dir='ltr'>duobus</span> <span class='ocrx_word' id='word_1_60' title='bbox 495 971 672 1029; x_wconf 81' lang='lat' dir='ltr'>choriambis</span> <span class='ocrx_word' id='word_1_61' title='bbox 696 975 726 1030; x_wconf 91' lang='lat' dir='ltr'>et</span> <span class='ocrx_word' id='word_1_62' title='bbox 747 973 907 1047; x_wconf 80' lang='lat' dir='ltr'>pyrrichio.</span> <span class='ocrx_word' id='word_1_63' title='bbox 948 973 1077 1031; x_wconf 88' lang='lat' dir='ltr'>Mctrum</span> <span class='ocrx_word' id='word_1_64' title='bbox 1095 974 1151 1033; x_wconf 93' lang='lat' dir='ltr'>hoc</span> 
     </span>
     <span class='ocr_line' id='line_1_10' title="bbox 139 1059 1151 1136; baseline 0.005 -19"><span class='ocrx_word' id='word_1_65' title='bbox 139 1060 249 1118; x_wconf 86' lang='lat' dir='ltr'>dictum</span> <span class='ocrx_word' id='word_1_66' title='bbox 270 1080 288 1119; x_wconf 90' lang='lat' dir='ltr'>a</span> <span class='ocrx_word' id='word_1_67' title='bbox 306 1062 395 1136; x_wconf 91' lang='lat' dir='ltr'>poeta</span> <span class='ocrx_word' id='word_1_68' title='bbox 413 1059 598 1135; x_wconf 83' lang='lat' dir='ltr'>Asclepiade,</span> <span class='ocrx_word' id='word_1_69' title='bbox 621 1079 639 1117; x_wconf 92' lang='lat' dir='ltr'>a</span> <span class='ocrx_word' id='word_1_70' title='bbox 656 1061 730 1135; x_wconf 88' lang='lat' dir='ltr'>pede</span> <span class='ocrx_word' id='word_1_71' title='bbox 752 1061 990 1120; x_wconf 87' lang='lat' dir='ltr'>choriambicum.</span> <span class='ocrx_word' id='word_1_72' title='bbox 1027 1063 1151 1122; x_wconf 91' lang='lat' dir='ltr'>Duabus</span> 
     </span>
    </p>

    <p class='ocr_par' dir='ltr' id='par_1_4' title="bbox 87 1150 1152 1586">
     <span class='ocr_line' id='line_1_11' title="bbox 87 1150 1152 1227; baseline 0.006 -22"><span class='ocrx_word' id='word_1_73' title='bbox 87 1158 120 1206; x_wconf 92' lang='lat'>10</span> <span class='ocrx_word' id='word_1_74' title='bbox 138 1150 245 1206; x_wconf 89' lang='lat' dir='ltr'>feritur</span> <span class='ocrx_word' id='word_1_75' title='bbox 268 1151 396 1208; x_wconf 90' lang='lat' dir='ltr'>caesuris</span> <span class='ocrx_word' id='word_1_76' title='bbox 419 1169 454 1206; x_wconf 84' lang='lat' dir='ltr'>ex</span> <span class='ocrx_word' id='word_1_77' title='bbox 476 1150 680 1224; x_wconf 85' lang='lat' dir='ltr'>pentimimere</span> <span class='ocrx_word' id='word_1_78' title='bbox 702 1151 821 1209; x_wconf 90' lang='lat' dir='ltr'>heroica</span> <span class='ocrx_word' id='word_1_79' title='bbox 844 1154 875 1208; x_wconf 89' lang='lat' dir='ltr'>et</span> <span class='ocrx_word' id='word_1_80' title='bbox 892 1151 1005 1210; x_wconf 90' lang='lat' dir='ltr'>duobus</span> <span class='ocrx_word' id='word_1_81' title='bbox 1024 1152 1152 1227; x_wconf 80' lang='lat' dir='ltr'>ductilis,</span> 
     </span>
     <span class='ocr_line' id='line_1_12' title="bbox 139 1238 1150 1314; baseline 0.004 -18"><span class='ocrx_word' id='word_1_82' title='bbox 139 1241 193 1296; x_wconf 87' lang='lat' dir='ltr'>aut</span> <span class='ocrx_word' id='word_1_83' title='bbox 211 1258 246 1296; x_wconf 86' lang='lat' dir='ltr'>ex</span> <span class='ocrx_word' id='word_1_84' title='bbox 265 1239 403 1313; x_wconf 85' lang='lat' dir='ltr'>spondeo,</span> <span class='ocrx_word' id='word_1_85' title='bbox 422 1238 535 1296; x_wconf 89' lang='lat' dir='ltr'>duobus</span> <span class='ocrx_word' id='word_1_86' title='bbox 555 1238 732 1297; x_wconf 87' lang='lat' dir='ltr'>choriambis</span> <span class='ocrx_word' id='word_1_87' title='bbox 752 1242 782 1296; x_wconf 90' lang='lat' dir='ltr'>et</span> <span class='ocrx_word' id='word_1_88' title='bbox 799 1240 950 1314; x_wconf 88' lang='lat' dir='ltr'>pyrrichio</span> <span class='ocrx_word' id='word_1_89' title='bbox 969 1242 1032 1299; x_wconf 88' lang='lat' dir='ltr'>siue</span> <span class='ocrx_word' id='word_1_90' title='bbox 1051 1241 1150 1300; x_wconf 90' lang='lat' dir='ltr'>iambo</span> 
     </span>
     <span class='ocr_line' id='line_1_13' title="bbox 138 1327 1151 1402; baseline 0.004 -18"><span class='ocrx_word' id='word_1_91' title='bbox 138 1330 260 1402; x_wconf 90' lang='lat' dir='ltr'>propter</span> <span class='ocrx_word' id='word_1_92' title='bbox 287 1327 425 1386; x_wconf 89' lang='lat' dir='ltr'>ultimam</span> <span class='ocrx_word' id='word_1_93' title='bbox 451 1327 675 1386; x_wconf 80' lang='lat' dir='ltr'>indifferentem.</span> <span class='ocrx_word' id='word_1_94' title='bbox 721 1327 757 1385; x_wconf 85' lang='lat' dir='ltr'>In</span> <span class='ocrx_word' id='word_1_95' title='bbox 779 1327 906 1386; x_wconf 91' lang='lat' dir='ltr'>Horatio</span> <span class='ocrx_word' id='word_1_96' title='bbox 935 1332 1035 1388; x_wconf 84' lang='lat' dir='ltr'>autem</span> <span class='ocrx_word' id='word_1_97' title='bbox 1058 1332 1151 1388; x_wconf 87' lang='lat' dir='ltr'>scien-</span> 
     </span>
     <span class='ocr_line' id='line_1_14' title="bbox 139 1415 1150 1495; baseline 0.006 -23"><span class='ocrx_word' id='word_1_98' title='bbox 139 1416 209 1472; x_wconf 93' lang='lat' dir='ltr'>dum</span> <span class='ocrx_word' id='word_1_99' title='bbox 233 1416 321 1490; x_wconf 87' lang='lat' dir='ltr'>odon,</span> <span class='ocrx_word' id='word_1_100' title='bbox 348 1436 408 1474; x_wconf 92' lang='lat' dir='ltr'>non</span> <span class='ocrx_word' id='word_1_101' title='bbox 432 1416 568 1493; x_wconf 88' lang='lat' dir='ltr'>eglogam</span> <span class='ocrx_word' id='word_1_102' title='bbox 592 1415 664 1491; x_wconf 91' lang='lat' dir='ltr'>dici,</span> <span class='ocrx_word' id='word_1_103' title='bbox 688 1417 760 1492; x_wconf 92' lang='lat' dir='ltr'>quia</span> <span class='ocrx_word' id='word_1_104' title='bbox 782 1417 888 1494; x_wconf 83' lang='lat' dir='ltr'>egloga</span> <span class='ocrx_word' id='word_1_105' title='bbox 911 1417 1040 1495; x_wconf 83' lang='lat' dir='ltr'>Vergilii</span> <span class='ocrx_word' id='word_1_106' title='bbox 1062 1419 1150 1478; x_wconf 90' lang='lat' dir='ltr'>buco-</span> 
     </span>
     <span class='ocr_line' id='line_1_15' title="bbox 139 1497 740 1586; baseline 0.003 -25"><span class='ocrx_word' id='word_1_107' title='bbox 139 1504 264 1563; x_wconf 89' lang='lat' dir='ltr'>licorum</span> <span class='ocrx_word' id='word_1_108' title='bbox 288 1508 333 1563; x_wconf 90' lang='lat' dir='ltr'>est</span> <span class='ocrx_word' id='word_1_109' title='bbox 356 1497 434 1585; x_wconf 76' lang='lat' dir='ltr'>(AF</span> <span class='ocrx_word' id='word_1_110' title='bbox 445 1500 501 1586; x_wconf 86' lang='lat'>(=</span> <span class='ocrx_word' id='word_1_111' title='bbox 516 1506 557 1562; x_wconf 84' lang='grc' dir='ltr'><em>Μ</em></span> <span class='ocrx_word' id='word_1_112' title='bbox 559 1497 611 1586; x_wconf 77' lang='lat' dir='ltr'>of)</span> <span class='ocrx_word' id='word_1_113' title='bbox 622 1505 719 1578; x_wconf 77' lang='lat' dir='ltr'>coosj</span> <span class='ocrx_word' id='word_1_114' title='bbox 724 1506 740 1576; x_wconf 84' lang='grc' dir='ltr'><em>ζ</em></span> 
     </span>
    </p>
   </div>
   <div class='ocr_carea' id='block_1_3' title="bbox 31 1960 1128 2070">
    <p class='ocr_par' dir='ltr' id='par_1_5' title="bbox 31 1960 1128 2070">
     <span class='ocr_line' id='line_1_16' title="bbox 31 1960 1128 2070; baseline 0.015 -33"><span class='ocrx_word' id='word_1_115' title='bbox 31 2061 36 2070; x_wconf 92' lang='lat'><em>.</em></span> <span class='ocrx_word' id='word_1_116' title='bbox 87 1974 119 2022; x_wconf 77' lang='lat'>1⁵</span> <span class='ocrx_word' id='word_1_117' title='bbox 167 1961 308 2042; x_wconf 83' lang='lat' dir='ltr'>ITEM</span> <span class='ocrx_word' id='word_1_118' title='bbox 331 1962 544 2043; x_wconf 83' lang='lat' dir='ltr'>ALITER</span> <span class='ocrx_word' id='word_1_119' title='bbox 566 1963 707 2044; x_wconf 83' lang='lat' dir='ltr'><strong>VITA</strong></span> <span class='ocrx_word' id='word_1_120' title='bbox 730 1964 986 2046; x_wconf 85' lang='lat' dir='ltr'><strong>HORATII.</strong></span> <span class='ocrx_word' id='word_1_121' title='bbox 1010 1960 1128 2054; x_wconf 80' lang='grc' dir='ltr'>(ΑΒζ</span> 
     </span>
    </p>
   </div>
   <div class='ocr_carea' id='block_1_4' title="bbox 86 2213 1152 2647">
    <p class='ocr_par' dir='ltr' id='par_1_6' title="bbox 138 2213 1151 2560">
     <span class='ocr_line' id='line_1_17' title="bbox 227 2213 1151 2293; baseline 0.003 -23"><span class='ocrx_word' id='word_1_122' title='bbox 227 2213 320 2275; x_wconf 83' lang='lat' dir='ltr'>Poeta</span> <span class='ocrx_word' id='word_1_123' title='bbox 348 2213 380 2282; x_wconf 79' lang='lat' dir='ltr'>Q.</span> <span class='ocrx_word' id='word_1_124' title='bbox 404 2213 547 2273; x_wconf 89' lang='lat' dir='ltr'>Horatius</span> <span class='ocrx_word' id='word_1_125' title='bbox 572 2215 695 2274; x_wconf 84' lang='lat' dir='ltr'>Flaccus</span> <span class='ocrx_word' id='word_1_126' title='bbox 723 2216 863 2274; x_wconf 89' lang='lat' dir='ltr'>libertino</span> <span class='ocrx_word' id='word_1_127' title='bbox 890 2220 976 2293; x_wconf 90' lang='lat' dir='ltr'>patre</span> <span class='ocrx_word' id='word_1_128' title='bbox 1003 2220 1091 2276; x_wconf 86' lang='lat' dir='ltr'>natus</span> <span class='ocrx_word' id='word_1_129' title='bbox 1118 2219 1151 2274; x_wconf 90' lang='lat' dir='ltr'>in</span> 
     </span>
     <span class='ocr_line' id='line_1_18' title="bbox 138 2302 1151 2382; baseline 0.004 -22"><span class='ocrx_word' id='word_1_130' title='bbox 138 2302 251 2377; x_wconf 85' lang='lat' dir='ltr'>Apulia</span> <span class='ocrx_word' id='word_1_131' title='bbox 283 2322 350 2362; x_wconf 93' lang='lat' dir='ltr'>cum</span> <span class='ocrx_word' id='word_1_132' title='bbox 381 2306 503 2378; x_wconf 86' lang='lat' dir='ltr'>parente</span> <span class='ocrx_word' id='word_1_133' title='bbox 534 2305 566 2360; x_wconf 91' lang='lat' dir='ltr'>in</span> <span class='ocrx_word' id='word_1_134' title='bbox 600 2302 724 2362; x_wconf 84' lang='lat' dir='ltr'>Sabinos</span> <span class='ocrx_word' id='word_1_135' title='bbox 756 2307 907 2382; x_wconf 89' lang='lat' dir='ltr'>migrauit.</span> <span class='ocrx_word' id='word_1_136' title='bbox 960 2304 1052 2373; x_wconf 79' lang='lat' dir='ltr'>Quem</span> <span class='ocrx_word' id='word_1_137' title='bbox 1084 2325 1151 2364; x_wconf 91' lang='lat' dir='ltr'>cum</span> 
     </span>
     <span class='ocr_line' id='line_1_19' title="bbox 139 2393 1150 2470; baseline 0.005 -21"><span class='ocrx_word' id='word_1_138' title='bbox 139 2396 226 2467; x_wconf 88' lang='lat' dir='ltr'>pater</span> <span class='ocrx_word' id='word_1_139' title='bbox 247 2411 373 2466; x_wconf 90' lang='lat' dir='ltr'>puerum</span> <span class='ocrx_word' id='word_1_140' title='bbox 396 2393 522 2450; x_wconf 86' lang='lat' dir='ltr'>Romam</span> <span class='ocrx_word' id='word_1_141' title='bbox 544 2394 673 2452; x_wconf 88' lang='lat' dir='ltr'>misisset</span> <span class='ocrx_word' id='word_1_142' title='bbox 696 2394 728 2451; x_wconf 90' lang='lat' dir='ltr'>in</span> <span class='ocrx_word' id='word_1_143' title='bbox 750 2394 853 2452; x_wconf 90' lang='lat' dir='ltr'>ludum</span> <span class='ocrx_word' id='word_1_144' title='bbox 876 2394 1057 2468; x_wconf 87' lang='lat' dir='ltr'>litterarum,</span> <span class='ocrx_word' id='word_1_145' title='bbox 1082 2416 1150 2470; x_wconf 88' lang='lat' dir='ltr'>par·</span> 
     </span>
     <span class='ocr_line' id='line_1_20' title="bbox 140 2482 1151 2560; baseline 0.004 -21"><span class='ocrx_word' id='word_1_146' title='bbox 140 2482 264 2539; x_wconf 90' lang='lat' dir='ltr'>cissimis</span> <span class='ocrx_word' id='word_1_147' title='bbox 295 2482 427 2540; x_wconf 89' lang='lat' dir='ltr'>eruditus</span> <span class='ocrx_word' id='word_1_148' title='bbox 459 2482 590 2557; x_wconf 86' lang='lat' dir='ltr'>inpensis</span> <span class='ocrx_word' id='word_1_149' title='bbox 624 2482 777 2559; x_wconf 89' lang='lat' dir='ltr'>angustias</span> <span class='ocrx_word' id='word_1_150' title='bbox 799 2482 894 2558; x_wconf 87' lang='lat' dir='ltr'>patris</span> <span class='ocrx_word' id='word_1_151' title='bbox 921 2484 995 2540; x_wconf 90' lang='lat' dir='ltr'>uicit</span> <span class='ocrx_word' id='word_1_152' title='bbox 1021 2485 1151 2560; x_wconf 89' lang='lat' dir='ltr'>ingenio,</span> 
     </span>
    </p>

    <p class='ocr_par' dir='ltr' id='par_1_7' title="bbox 86 2570 1152 2647">
     <span class='ocr_line' id='line_1_21' title="bbox 86 2570 1152 2647; baseline 0.004 -20"><span class='ocrx_word' id='word_1_153' title='bbox 86 2580 120 2627; x_wconf 76' lang='lat'>20</span> <span class='ocrx_word' id='word_1_154' title='bbox 140 2571 289 2644; x_wconf 85' lang='lat' dir='ltr'>coluitque</span> <span class='ocrx_word' id='word_1_155' title='bbox 322 2570 492 2629; x_wconf 88' lang='lat' dir='ltr'>adulescens</span> <span class='ocrx_word' id='word_1_156' title='bbox 520 2571 648 2629; x_wconf 87' lang='lat' dir='ltr'>Brutum</span> <span class='ocrx_word' id='word_1_157' title='bbox 680 2573 733 2630; x_wconf 94' lang='lat' dir='ltr'>sub</span> <span class='ocrx_word' id='word_1_158' title='bbox 766 2592 824 2647; x_wconf 93' lang='lat' dir='ltr'>quo</span> <span class='ocrx_word' id='word_1_159' title='bbox 857 2571 993 2630; x_wconf 90' lang='lat' dir='ltr'>tribunus</span> <span class='ocrx_word' id='word_1_160' title='bbox 1020 2573 1152 2631; x_wconf 91' lang='lat' dir='ltr'>militum</span> 
     </span>
    </p>
   </div>
   <div class='ocr_carea' id='block_1_5' title="bbox 138 2756 1153 3185">
    <p class='ocr_par' dir='ltr' id='par_1_8' title="bbox 138 2756 1153 3185">
     <span class='ocr_line' id='line_1_22' title="bbox 229 2756 1151 2827; baseline 0.003 -18"><span class='ocrx_word' id='word_1_161' title='bbox 229 2762 244 2809; x_wconf 83' lang='lat'><strong>3</strong></span> <span class='ocrx_word' id='word_1_162' title='bbox 258 2756 390 2810; x_wconf 87' lang='lat' dir='ltr'>uoluntas</span> <span class='ocrx_word' id='word_1_163' title='bbox 404 2758 476 2812; x_wconf 87' lang='lat' dir='ltr'>AM</span> <span class='ocrx_word' id='word_1_164' title='bbox 479 2758 508 2827; x_wconf 83' lang='lat' dir='ltr'>o]</span> <span class='ocrx_word' id='word_1_165' title='bbox 523 2756 655 2826; x_wconf 87' lang='lat' dir='ltr'>uoluptas</span> <span class='ocrx_word' id='word_1_166' title='bbox 669 2759 724 2826; x_wconf 74' lang='lat' dir='ltr'><strong><em>ij</em></strong></span> <span class='ocrx_word' id='word_1_167' title='bbox 794 2765 880 2812; x_wconf 77' lang='lat'>5-12</span> <span class='ocrx_word' id='word_1_168' title='bbox 897 2759 993 2813; x_wconf 88' lang='lat' dir='ltr'>decem</span> <span class='ocrx_word' id='word_1_169' title='bbox 1008 2791 1041 2798; x_wconf 91' lang='lat'><strong>—</strong></span> <span class='ocrx_word' id='word_1_170' title='bbox 1056 2759 1151 2812; x_wconf 89' lang='lat' dir='ltr'>indiff:</span> 
     </span>
     <span class='ocr_line' id='line_1_23' title="bbox 139 2828 1115 2900; baseline 0.003 -20"><span class='ocrx_word' id='word_1_171' title='bbox 139 2828 216 2895; x_wconf 65' lang='grc' dir='ltr'>0111]ι</span> <span class='ocrx_word' id='word_1_172' title='bbox 288 2834 303 2881; x_wconf 82' lang='lat'>6</span> <span class='ocrx_word' id='word_1_173' title='bbox 323 2828 480 2896; x_wconf 87' lang='lat' dir='ltr'>composuit</span> <span class='ocrx_word' id='word_1_174' title='bbox 498 2829 561 2898; x_wconf 79' lang='lat' dir='ltr'>Aa]</span> <span class='ocrx_word' id='word_1_175' title='bbox 580 2829 676 2896; x_wconf 87' lang='lat' dir='ltr'>posuit</span> <span class='ocrx_word' id='word_1_176' title='bbox 693 2831 750 2895; x_wconf 82' lang='lat' dir='ltr'>fM</span> <span class='ocrx_word' id='word_1_177' title='bbox 818 2831 870 2884; x_wconf 92' lang='lat' dir='ltr'>ode</span> <span class='ocrx_word' id='word_1_178' title='bbox 888 2832 916 2900; x_wconf 78' lang='lat' dir='ltr'>s]</span> <span class='ocrx_word' id='word_1_179' title='bbox 937 2831 1004 2884; x_wconf 83' lang='lat' dir='ltr'>odes</span> <span class='ocrx_word' id='word_1_180' title='bbox 1022 2832 1094 2885; x_wconf 87' lang='lat' dir='ltr'>AM</span> <span class='ocrx_word' id='word_1_181' title='bbox 1097 2851 1115 2883; x_wconf 78' lang='lat' dir='ltr'>oc</span> 
     </span>
     <span class='ocr_line' id='line_1_24' title="bbox 139 2898 1151 2971; baseline 0.002 -20"><span class='ocrx_word' id='word_1_182' title='bbox 139 2905 155 2951; x_wconf 80' lang='lat'><em>8</em></span> <span class='ocrx_word' id='word_1_183' title='bbox 175 2898 283 2951; x_wconf 88' lang='lat' dir='ltr'>duobus</span> <span class='ocrx_word' id='word_1_184' title='bbox 297 2900 336 2969; x_wconf 80' lang='lat' dir='ltr'>A]</span> <span class='ocrx_word' id='word_1_185' title='bbox 357 2901 385 2952; x_wconf 87' lang='lat' dir='ltr'>et</span> <span class='ocrx_word' id='word_1_186' title='bbox 400 2899 508 2953; x_wconf 88' lang='lat' dir='ltr'>duobus</span> <span class='ocrx_word' id='word_1_187' title='bbox 522 2903 566 2963; x_wconf 84' lang='grc' dir='ltr'>Γζ</span> <span class='ocrx_word' id='word_1_188' title='bbox 635 2918 714 2969; x_wconf 82' lang='lat' dir='ltr'>pyrr:</span> <span class='ocrx_word' id='word_1_189' title='bbox 733 2902 761 2971; x_wconf 74' lang='lat' dir='ltr'>f]</span> <span class='ocrx_word' id='word_1_190' title='bbox 781 2902 851 2969; x_wconf 91' lang='lat' dir='ltr'>pirr:</span> <span class='ocrx_word' id='word_1_191' title='bbox 871 2902 963 2956; x_wconf 83' lang='lat' dir='ltr'>AMo</span> <span class='ocrx_word' id='word_1_192' title='bbox 1036 2908 1069 2954; x_wconf 89' lang='lat'>10</span> <span class='ocrx_word' id='word_1_193' title='bbox 1083 2918 1151 2970; x_wconf 89' lang='lat' dir='ltr'>pen·</span> 
     </span>
     <span class='ocr_line' id='line_1_25' title="bbox 138 2971 1151 3042; baseline 0.003 -19"><span class='ocrx_word' id='word_1_194' title='bbox 138 2971 278 3023; x_wconf 85' lang='lat' dir='ltr'>timimere</span> <span class='ocrx_word' id='word_1_195' title='bbox 297 2972 325 3024; x_wconf 85' lang='lat' dir='ltr'><strong><em>A</em></strong></span> <span class='ocrx_word' id='word_1_196' title='bbox 343 2971 543 3038; x_wconf 87' lang='lat' dir='ltr'>pentimcmere</span> <span class='ocrx_word' id='word_1_197' title='bbox 561 2971 576 3036; x_wconf 75' lang='lat' dir='ltr'><strong><em>f</em></strong></span> <span class='ocrx_word' id='word_1_198' title='bbox 597 2971 799 3038; x_wconf 88' lang='lat' dir='ltr'>pentimcmera</span> <span class='ocrx_word' id='word_1_199' title='bbox 819 2993 837 3024; x_wconf 78' lang='lat' dir='ltr'>oc</span> <span class='ocrx_word' id='word_1_200' title='bbox 855 2973 1010 3040; x_wconf 87' lang='lat' dir='ltr'>pentimcrc</span> <span class='ocrx_word' id='word_1_201' title='bbox 1029 2974 1067 3025; x_wconf 88' lang='lat' dir='ltr'><em>M</em></span> <span class='ocrx_word' id='word_1_202' title='bbox 1082 2990 1151 3042; x_wconf 89' lang='lat' dir='ltr'>pen·</span> 
     </span>
     <span class='ocr_line' id='line_1_26' title="bbox 139 3042 1150 3114; baseline 0.005 -20"><span class='ocrx_word' id='word_1_203' title='bbox 139 3042 314 3104; x_wconf 68' lang='lat' dir='ltr'>timemorec</span> <span class='ocrx_word' id='word_1_204' title='bbox 381 3046 412 3094; x_wconf 94' lang='grc'>11</span> <span class='ocrx_word' id='word_1_205' title='bbox 428 3059 506 3109; x_wconf 83' lang='lat' dir='ltr'>pyrr:</span> <span class='ocrx_word' id='word_1_206' title='bbox 526 3042 553 3111; x_wconf 68' lang='lat' dir='ltr'>f]</span> <span class='ocrx_word' id='word_1_207' title='bbox 574 3042 644 3109; x_wconf 89' lang='lat' dir='ltr'>pirr:</span> <span class='ocrx_word' id='word_1_208' title='bbox 664 3044 735 3097; x_wconf 85' lang='lat' dir='ltr'>AM</span> <span class='ocrx_word' id='word_1_209' title='bbox 739 3065 756 3095; x_wconf 85' lang='grc' dir='ltr'>α</span> <span class='ocrx_word' id='word_1_210' title='bbox 821 3049 853 3095; x_wconf 78' lang='lat'>12</span> <span class='ocrx_word' id='word_1_211' title='bbox 868 3043 1075 3097; x_wconf 83' lang='lat' dir='ltr'>indifferentem</span> <span class='ocrx_word' id='word_1_212' title='bbox 1088 3045 1150 3114; x_wconf 82' lang='lat' dir='ltr'>Af]</span> 
     </span>
     <span class='ocr_line' id='line_1_27' title="bbox 139 3111 1153 3185; baseline 0.005 -21"><span class='ocrx_word' id='word_1_213' title='bbox 139 3111 317 3165; x_wconf 87' lang='lat' dir='ltr'>indifferente</span> <span class='ocrx_word' id='word_1_214' title='bbox 332 3113 370 3164; x_wconf 88' lang='lat' dir='ltr'><strong><em>M</em></strong></span> <span class='ocrx_word' id='word_1_215' title='bbox 373 3133 391 3165; x_wconf 81' lang='lat' dir='ltr'>a</span> <span class='ocrx_word' id='word_1_216' title='bbox 464 3118 496 3166; x_wconf 88' lang='lat'>13</span> <span class='ocrx_word' id='word_1_217' title='bbox 516 3112 583 3181; x_wconf 88' lang='lat' dir='ltr'>quia</span> <span class='ocrx_word' id='word_1_218' title='bbox 597 3114 651 3183; x_wconf 67' lang='lat' dir='ltr'>Ay]</span> <span class='ocrx_word' id='word_1_219' title='bbox 668 3131 717 3167; x_wconf 81' lang='lat' dir='ltr'>om.</span> <span class='ocrx_word' id='word_1_220' title='bbox 734 3118 760 3167; x_wconf 91' lang='grc' dir='ltr'><em>Γ</em></span> <span class='ocrx_word' id='word_1_221' title='bbox 776 3131 830 3185; x_wconf 70' lang='lat' dir='ltr'>que</span> <span class='ocrx_word' id='word_1_222' title='bbox 845 3119 859 3177; x_wconf 83' lang='grc' dir='ltr'><em>ζ</em></span> <span class='ocrx_word' id='word_1_223' title='bbox 930 3120 963 3168; x_wconf 76' lang='lat'>15</span> <span class='ocrx_word' id='word_1_224' title='bbox 982 3115 1050 3168; x_wconf 86' lang='lat' dir='ltr'>item</span> <span class='ocrx_word' id='word_1_225' title='bbox 1069 3115 1153 3169; x_wconf 87' lang='lat' dir='ltr'>aliter</span> 
     </span>
    </p>
   </div>
   <div class='ocr_carea' id='block_1_6' title="bbox 139 3200 1151 3628">
    <p class='ocr_par' dir='ltr' id='par_1_9' title="bbox 139 3200 1151 3628">
     <span class='ocr_line' id='line_1_28' title="bbox 139 3200 1151 3273; baseline 0.005 -20"><span class='ocrx_word' id='word_1_226' title='bbox 139 3201 200 3253; x_wconf 89' lang='lat' dir='ltr'>uita</span> <span class='ocrx_word' id='word_1_227' title='bbox 214 3200 317 3252; x_wconf 87' lang='lat' dir='ltr'>horatii</span> <span class='ocrx_word' id='word_1_228' title='bbox 332 3201 426 3269; x_wconf 85' lang='lat' dir='ltr'>(oratii</span> <span class='ocrx_word' id='word_1_229' title='bbox 440 3205 463 3270; x_wconf 84' lang='grc' dir='ltr'>ζ)</span> <span class='ocrx_word' id='word_1_230' title='bbox 477 3204 526 3265; x_wconf 64' lang='lat' dir='ltr'>Ac</span> <span class='ocrx_word' id='word_1_231' title='bbox 543 3202 604 3254; x_wconf 88' lang='lat' dir='ltr'>uita</span> <span class='ocrx_word' id='word_1_232' title='bbox 618 3201 722 3255; x_wconf 89' lang='lat' dir='ltr'>horatii</span> <span class='ocrx_word' id='word_1_233' title='bbox 731 3204 776 3270; x_wconf 61' lang='grc' dir='ltr'>Β]</span> <span class='ocrx_word' id='word_1_234' title='bbox 850 3208 882 3256; x_wconf 85' lang='grc'>16</span> <span class='ocrx_word' id='word_1_235' title='bbox 898 3203 985 3257; x_wconf 87' lang='lat' dir='ltr'>Poeta</span> <span class='ocrx_word' id='word_1_236' title='bbox 1000 3203 1042 3273; x_wconf 69' lang='lat' dir='ltr'>Q]</span> <span class='ocrx_word' id='word_1_237' title='bbox 1058 3205 1080 3256; x_wconf 94' lang='lat' dir='ltr'>P</span> <span class='ocrx_word' id='word_1_238' title='bbox 1091 3204 1112 3268; x_wconf 82' lang='lat' dir='ltr'>Q</span> <span class='ocrx_word' id='word_1_239' title='bbox 1124 3207 1151 3258; x_wconf 92' lang='lat' dir='ltr'><strong><em>B</em></strong></span> 
     </span>
     <span class='ocr_line' id='line_1_29' title="bbox 139 3271 1135 3344; baseline 0.005 -22"><span class='ocrx_word' id='word_1_240' title='bbox 139 3271 170 3326; x_wconf 71' lang='grc' dir='ltr'>ΡΛ</span> <span class='ocrx_word' id='word_1_241' title='bbox 185 3273 228 3339; x_wconf 85' lang='lat'>(=</span> <span class='ocrx_word' id='word_1_242' title='bbox 238 3274 323 3339; x_wconf 88' lang='lat' dir='ltr'>poeta</span> <span class='ocrx_word' id='word_1_243' title='bbox 329 3275 351 3340; x_wconf 81' lang='lat'>?)</span> <span class='ocrx_word' id='word_1_244' title='bbox 361 3274 389 3327; x_wconf 87' lang='lat' dir='ltr'><em>A</em></span> <span class='ocrx_word' id='word_1_245' title='bbox 403 3290 452 3326; x_wconf 83' lang='lat' dir='ltr'>om.</span> <span class='ocrx_word' id='word_1_246' title='bbox 461 3277 502 3326; x_wconf 82' lang='lat' dir='ltr'>Po</span> <span class='ocrx_word' id='word_1_247' title='bbox 506 3274 523 3340; x_wconf 75' lang='lat' dir='ltr'><strong><em>j</em></strong></span> <span class='ocrx_word' id='word_1_248' title='bbox 528 3277 543 3337; x_wconf 81' lang='grc' dir='ltr'><em>ζ</em></span> <span class='ocrx_word' id='word_1_249' title='bbox 614 3279 645 3325; x_wconf 80' lang='lat'>17</span> <span class='ocrx_word' id='word_1_250' title='bbox 657 3276 773 3341; x_wconf 88' lang='lat' dir='ltr'>parente</span> <span class='ocrx_word' id='word_1_251' title='bbox 783 3277 843 3328; x_wconf 83' lang='lat' dir='ltr'>AB</span> <span class='ocrx_word' id='word_1_252' title='bbox 845 3276 863 3342; x_wconf 85' lang='lat' dir='ltr'><strong><em>j</em></strong></span> <span class='ocrx_word' id='word_1_253' title='bbox 872 3276 985 3344; x_wconf 79' lang='lat' dir='ltr'>Porph]</span> <span class='ocrx_word' id='word_1_254' title='bbox 1001 3277 1082 3343; x_wconf 86' lang='lat' dir='ltr'>patre</span> <span class='ocrx_word' id='word_1_255' title='bbox 1093 3279 1119 3327; x_wconf 93' lang='grc' dir='ltr'><strong>Γ</strong></span> <span class='ocrx_word' id='word_1_256' title='bbox 1133 3293 1135 3300; x_wconf 76' lang='grc'><strong>’</strong></span> 
     </span>
     <span class='ocr_line' id='line_1_30' title="bbox 139 3341 1149 3466; baseline 0.008 -73"><span class='ocrx_word' id='word_1_257' title='bbox 139 3341 274 3410; x_wconf 87' lang='lat' dir='ltr'>migrauit</span> <span class='ocrx_word' id='word_1_258' title='bbox 292 3344 353 3397; x_wconf 83' lang='lat' dir='ltr'>AB</span> <span class='ocrx_word' id='word_1_259' title='bbox 359 3344 393 3409; x_wconf 77' lang='lat' dir='ltr'>cj</span> <span class='ocrx_word' id='word_1_260' title='bbox 399 3347 413 3406; x_wconf 85' lang='grc' dir='ltr'><strong><em>ζ</em></strong></span> <span class='ocrx_word' id='word_1_261' title='bbox 425 3344 542 3466; x_wconf 45' lang='lat' dir='ltr'>Porph}</span> <span class='ocrx_word' id='word_1_262' title='bbox 560 3345 757 3413; x_wconf 86' lang='lat' dir='ltr'>commigrauit</span> <span class='ocrx_word' id='word_1_263' title='bbox 775 3349 802 3398; x_wconf 91' lang='grc' dir='ltr'>Γ</span> <span class='ocrx_word' id='word_1_264' title='bbox 890 3352 922 3399; x_wconf 89' lang='grc'>18</span> <span class='ocrx_word' id='word_1_265' title='bbox 941 3363 1059 3415; x_wconf 85' lang='lat' dir='ltr'>puerum</span> <span class='ocrx_word' id='word_1_266' title='bbox 1077 3347 1149 3415; x_wconf 83' lang='lat' dir='ltr'>AB]</span> 
     </span>
     <span class='ocr_line' id='line_1_31' title="bbox 140 3414 1114 3486; baseline 0.005 -20"><span class='ocrx_word' id='word_1_267' title='bbox 140 3429 189 3466; x_wconf 80' lang='lat' dir='ltr'>om.</span> <span class='ocrx_word' id='word_1_268' title='bbox 205 3417 231 3464; x_wconf 90' lang='grc' dir='ltr'>Γ</span> <span class='ocrx_word' id='word_1_269' title='bbox 335 3414 494 3467; x_wconf 88' lang='lat' dir='ltr'>litterarum</span> <span class='ocrx_word' id='word_1_270' title='bbox 522 3415 578 3483; x_wconf 77' lang='lat' dir='ltr'>(itz</span> <span class='ocrx_word' id='word_1_271' title='bbox 608 3416 657 3483; x_wconf 88' lang='lat' dir='ltr'>M)</span> <span class='ocrx_word' id='word_1_272' title='bbox 671 3417 776 3486; x_wconf 80' lang='grc' dir='ltr'><strong><em>ΑΒΓ]</em></strong></span> <span class='ocrx_word' id='word_1_273' title='bbox 810 3416 981 3470; x_wconf 87' lang='lat' dir='ltr'>litterarium</span> <span class='ocrx_word' id='word_1_274' title='bbox 1013 3419 1114 3486; x_wconf 79' lang='lat' dir='ltr'>Porph.</span> 
     </span>
     <span class='ocr_line' id='line_1_32' title="bbox 141 3484 1150 3557; baseline 0.004 -21"><span class='ocrx_word' id='word_1_275' title='bbox 141 3489 173 3536; x_wconf 83' lang='lat'>19</span> <span class='ocrx_word' id='word_1_276' title='bbox 189 3484 316 3538; x_wconf 89' lang='lat' dir='ltr'>eruditus</span> <span class='ocrx_word' id='word_1_277' title='bbox 330 3488 358 3539; x_wconf 89' lang='grc' dir='ltr'><strong><em>Β</em></strong></span> <span class='ocrx_word' id='word_1_278' title='bbox 364 3486 406 3552; x_wconf 80' lang='lat' dir='ltr'>Pj</span> <span class='ocrx_word' id='word_1_279' title='bbox 420 3486 533 3556; x_wconf 72' lang='lat' dir='ltr'>Porph]</span> <span class='ocrx_word' id='word_1_280' title='bbox 555 3487 681 3539; x_wconf 82' lang='lat' dir='ltr'>eruditur</span> <span class='ocrx_word' id='word_1_281' title='bbox 694 3489 721 3542; x_wconf 80' lang='lat' dir='ltr'><strong><em>A</em></strong></span> <span class='ocrx_word' id='word_1_282' title='bbox 794 3488 918 3556; x_wconf 87' lang='lat' dir='ltr'>inpensis</span> <span class='ocrx_word' id='word_1_283' title='bbox 929 3489 1001 3557; x_wconf 72' lang='lat' dir='ltr'>yMl</span> <span class='ocrx_word' id='word_1_284' title='bbox 1016 3488 1150 3557; x_wconf 88' lang='lat' dir='ltr'>impensis</span> 
     </span>
     <span class='ocr_line' id='line_1_33' title="bbox 140 3556 774 3628; baseline 0.003 -19"><span class='ocrx_word' id='word_1_285' title='bbox 140 3557 247 3621; x_wconf 79' lang='lat' dir='ltr'>ABof</span> <span class='ocrx_word' id='word_1_286' title='bbox 315 3561 349 3609; x_wconf 76' lang='lat'>20</span> <span class='ocrx_word' id='word_1_287' title='bbox 368 3556 447 3610; x_wconf 82' lang='lat' dir='ltr'>adul:</span> <span class='ocrx_word' id='word_1_288' title='bbox 467 3558 570 3628; x_wconf 83' lang='lat' dir='ltr'>AMoc]</span> <span class='ocrx_word' id='word_1_289' title='bbox 591 3557 668 3611; x_wconf 83' lang='lat' dir='ltr'>adol:</span> <span class='ocrx_word' id='word_1_290' title='bbox 688 3560 774 3627; x_wconf 74' lang='lat' dir='ltr'>Byfj</span> 
     </span>
    </p>
   </div>
   <div class='ocr_carea' id='block_1_7' title="bbox 0 0 1251 3840">
    <p class='ocr_par' dir='ltr' id='par_1_10' title="bbox 0 0 1251 3840">
     <span class='ocr_line' id='line_1_34' title="bbox 0 0 1251 3840; baseline 0 0"><span class='ocrx_word' id='word_1_291' title='bbox 0 0 1251 3840; x_wconf 95' lang='lat' dir='ltr'> </span> 
     </span>
    </p>
   </div>
  </div>
 </body>
</html>
