2490 3840
516 167 624 223 OARM.
635 167 648 221 1
663 173 696 222 16

196 334 211 387 0
739 336 786 396 Ite
808 356 861 413 per
884 337 948 395 alta

261 425 412 485 Dmffima

99 566 235 628 Pithium
259 587 277 626 a
299 567 425 627 Pithone
448 567 633 644 Apollinem,
657 566 798 627 Liberum
821 569 926 643 etiam,
949 568 1001 642 qui
1024 567 1116 626 simili

101 656 270 718 sacerdotes
293 660 380 716 uexet
403 675 471 716 suos
494 657 593 716 furore
617 649 780 738 (Arcena.
796 674 863 730 ουρ

190 740 343 826 nummo]
385 744 443 805 Pro
465 745 621 804 Adriatico
645 738 724 825 (ΑΓ
1153 752 1170 801 o

194 827 227 896 7.
242 828 277 896 8.
299 852 361 894 non
379 851 481 894 eorm
499 828 594 912 Anna]
619 834 683 893 Aut
699 835 813 892 tinnitu
832 837 920 893 aouta
935 835 987 892 aut
1000 852 1116 907 sonora,

101 926 138 983 ut
159 923 311 1002 Vergilius
335 915 441 1004 (peorq.
460 923 507 981 ΠΙ
527 915 596 1004 94);

264 1047 368 1108 Pelion
390 1049 510 1106 hinnitu
533 1049 650 1126 fugiens
672 1048 800 1124 inpleuit
823 1051 910 1106 acuto
934 1039 1037 1127 (Arp

195 1183 229 1360 8).
270 1189 467 1249 *coribantes
498 1182 555 1271 (o)]
602 1190 733 1248 Ministn'
769 1191 874 1248 matris
911 1188 998 1248 deum
1031 1181 1119 1269 (I'oo

119 1296 212 1354 emp
1138 1286 1172 1335 10

104 1270 118 1362 (
194 1361 230 1429 9.
254 1385 333 1434 ovas
355 1386 457 1434 nnovn
480 1385 611 1427 nomovs
634 1386 797 1425 nnanaanr
821 1361 919 1444 arms]
946 1361 1118 1445 [Emphasis

104 1450 173 1535 est]
220 1456 255 1514 In
283 1456 356 1532 ipsis
380 1458 459 1516 enim
482 1457 555 1516 loeis
578 1458 608 1516 et
631 1456 790 1532 probatum
812 1457 924 1515 sermm
947 1458 992 1514 est
1015 1459 1044 1514 et
1066 1474 1118 1529 op·

103 1545 173 1604 timi
201 1545 295 1624 gladii
322 1545 411 1620 fiunt,
441 1549 470 1604 et
497 1544 564 1604 ideo
591 1564 625 1604 ex
653 1546 808 1621 prouincia
834 1546 946 1604 ferrum
973 1542 1117 1602 laudauit.

106 1629 178 1714 [Est
205 1637 305 1692 autem
327 1634 471 1693 Norioum
498 1652 567 1711 pars
595 1628 722 1712 Illin'oi]
774 1634 817 1692 Vt
840 1626 943 1715 (Verq.
959 1650 1054 1708 peory.
1072 1631 1119 1690 111

105 1725 180 1782 474.
200 1714 294 1804 saep:
1139 1730 1172 1779 15

692 1812 733 1870 Et
754 1811 866 1870 Norica
888 1812 981 1886 siquis

268 1898 398 1960 castella
422 1892 500 1981 (ΑΓ
509 1918 585 1960 eoos.
599 1918 642 1975 ep

199 2034 257 2103 10.
279 2060 364 2100 mnan
382 2036 583 2120 nnvrneovn]
606 2042 774 2120 Naufragia
792 2043 913 2116 faciens,
932 2043 1018 2117 quasi
1035 2042 1119 2099 naui·

104 2131 234 2209 frsgum.
279 2131 431 2208 Vergilius
454 2124 542 2212 (Aere.
561 2122 716 2212 111553):

267 2238 308 2296 nt
325 2238 516 2315 nauifragum
535 2237 708 2314 Scylaoeum
726 2229 962 2318 (APaoonsmp
970 2237 1075 2310 Porph.
1139 2246 1173 2296 20

201 2354 260 2423 ll.
291 2379 458 2421 nanniano
491 2356 648 2439 rvmvnrv]
696 2362 850 2420 Terrorem
881 2363 1008 2420 tonitrui
1037 2359 1122 2434 dixit,

108 2450 190 2510 unde
214 2444 286 2529 [est]
311 2442 652 2531 (Ver9.peory.1330.
673 2441 766 2530 331):

695 2556 736 2615 Et
757 2556 899 2614 mortalia
921 2555 1010 2614 eorda

269 2644 326 2704 Per
348 2646 446 2723 gentis
468 2646 496 2703 h.
511 2663 532 2704 s.
548 2663 642 2721 pauor
665 2637 763 2726 (ΑΓα
776 2661 852 2703 oens.
866 2661 909 2718 op

201 2837 217 2884 3
236 2831 371 2904 pithiam]
390 2831 513 2901 phitium
530 2833 558 2886 A
577 2831 680 2901 pitium
694 2848 780 2901 pom.
795 2836 853 2885 cett.
926 2835 942 2883 4
960 2831 1044 2884 uexet
1058 2831 1121 2901 Λα]

106 2904 197 2957 uexat
209 2919 244 2958 re
265 2903 344 2957 uexit
356 2924 373 2974 p
375 2919 398 2972 p
419 2903 572 2957 uexabato
644 2903 720 2974 suos]
736 2918 829 2957 suase
901 2907 916 2954 6
932 2918 949 2955 a
962 2902 1068 2955 tinnitu
1082 2918 1123 2971 pp

107 2973 217 3028 tinnitu
225 2981 283 3029 cett.
341 2977 391 3028 aut
400 2990 500 3028 sonora
509 2975 630 3040 exhibo,
643 2975 778 3043 reliquum
786 2974 865 3028 schol.
871 2989 988 3042 prorsus
997 2974 1088 3028 omisit

110 3046 191 3128 rut]
206 3061 256 3100 oen.
271 3062 309 3115 cp
379 3047 450 3116 uer}
462 3047 502 3117 A]
521 3045 597 3115 uirg:
616 3051 674 3100 ceti.
756 3044 904 3098 shinnitu
918 3045 958 3115 A]
972 3044 1066 3097 innitu
1080 3047 1124 3098 Pe

108 3116 255 3185 tinmtup
326 3115 449 3185 inpleuit
465 3117 492 3187 r]
510 3116 648 3186 ipleuity
676 3116 759 3185 impl:
779 3117 849 3184 Aop
928 3122 961 3170 11
980 3115 1122 3184 emphasis

109 3189 187 3257 estp
205 3185 310 3241 enfaais
329 3190 372 3241 est
385 3205 407 3254 o,
422 3205 472 3242 om.
486 3195 543 3242 cett.
618 3192 651 3240 13
665 3187 809 3256 prouintia
822 3189 850 3240 A
923 3191 956 3240 14
971 3189 1015 3240 est
1028 3188 1123 3239 autem

108 3258 150 3313 N:
169 3276 201 3328 p:
220 3258 245 3312 I:
264 3258 313 3329 op]
332 3276 382 3314 om.
398 3260 457 3313 ΑΓ
525 3258 568 3328 ut]
587 3258 718 3328 uirgilius
737 3275 775 3327 ep
878 3262 912 3311 18
930 3257 1122 3328 nauifregum]

109 3329 281 3400 nauhagum
299 3331 351 3385 Aa
460 3334 492 3383 19
510 3330 656 3452 uergTApl
667 3330 743 3399 uirg:
769 3333 834 3397 Pop
864 3328 940 3382 unde
965 3329 1042 3398 uirg:
1068 3349 1086 3381 α

110 3407 146 3456 20
165 3400 346 3469 sylaoeumA
365 3400 559 3469 soyhaoeumr
577 3416 606 3454 se
624 3400 634 3453 i
658 3405 752 3468 aoefiy
771 3400 916 3453 soileuma
934 3400 1124 3468 soillaoeump

110 3472 281 3527 silaoeumo
357 3477 390 3525 22
409 3471 485 3524 unde
503 3473 602 3540 estep
623 3471 749 3525 undeet
768 3473 794 3524 A
817 3471 892 3522 unde
910 3488 948 3525 ror
966 3473 999 3524 ut
1018 3470 1088 3540 dep

112 3549 148 3598 24
166 3542 260 3614 gentis
279 3543 358 3614 Apo]
377 3561 434 3613 g.r
461 3544 596 3612 gentesp
