<?xml version="1.0" encoding="UTF-8"?>
<!DOCTYPE html PUBLIC "-//W3C//DTD XHTML 1.0 Transitional//EN"
    "http://www.w3.org/TR/xhtml1/DTD/xhtml1-transitional.dtd">
<html xmlns="http://www.w3.org/1999/xhtml" xml:lang="en" lang="en">
 <head>
  <title>
</title>
<meta http-equiv="Content-Type" content="text/html;charset=utf-8" />
  <meta name='ocr-system' content='tesseract 3.04.00' />
  <meta name='ocr-capabilities' content='ocr_page ocr_carea ocr_par ocr_line ocrx_word'/>
</head>
<body>
  <div class='ocr_page' id='page_1' title='image "./pseudacronissch00kellgoog_0399.png"; bbox 0 0 2490 3840; ppageno 0'>
   <div class='ocr_carea' id='block_1_1' title="bbox 142 196 824 260">
    <p class='ocr_par' dir='ltr' id='par_1_1' title="bbox 142 196 824 260">
     <span class='ocr_line' id='line_1_1' title="bbox 142 196 824 260; baseline 0 -11"><span class='ocrx_word' id='word_1_1' title='bbox 142 197 208 260; x_wconf 67' lang='lat'><strong>378</strong></span> <span class='ocrx_word' id='word_1_2' title='bbox 473 196 664 250; x_wconf 75' lang='lat' dir='ltr'><strong>mosmo</strong></span> <span class='ocrx_word' id='word_1_3' title='bbox 681 196 722 249; x_wconf 79' lang='lat' dir='ltr'><strong>IX</strong></span> <span class='ocrx_word' id='word_1_4' title='bbox 739 196 824 250; x_wconf 82' lang='lat' dir='ltr'>HOR.</span> 
     </span>
    </p>
   </div>
   <div class='ocr_carea' id='block_1_2' title="bbox 85 364 1161 2917">
    <p class='ocr_par' dir='ltr' id='par_1_2' title="bbox 141 364 1161 708">
     <span class='ocr_line' id='line_1_2' title="bbox 230 364 1161 441; baseline 0 -18"><span class='ocrx_word' id='word_1_5' title='bbox 230 365 321 423; x_wconf 66' lang='lat' dir='ltr'><strong>‘Duo</strong></span> <span class='ocrx_word' id='word_1_6' title='bbox 339 369 412 423; x_wconf 88' lang='lat' dir='ltr'><strong>sunt</strong></span> <span class='ocrx_word' id='word_1_7' title='bbox 429 383 537 441; x_wconf 85' lang='lat' dir='ltr'><strong>genera</strong></span> <span class='ocrx_word' id='word_1_8' title='bbox 551 364 723 422; x_wconf 71' lang='lat' dir='ltr'><strong>huiuauodi</strong></span> <span class='ocrx_word' id='word_1_9' title='bbox 736 366 814 422; x_wconf 83' lang='lat' dir='ltr'><strong>stili:</strong></span> <span class='ocrx_word' id='word_1_10' title='bbox 835 365 953 440; x_wconf 85' lang='lat' dir='ltr'><strong>epodon</strong></span> <span class='ocrx_word' id='word_1_11' title='bbox 966 370 1000 424; x_wconf 84' lang='lat' dir='ltr'><strong>et</strong></span> <span class='ocrx_word' id='word_1_12' title='bbox 1013 366 1161 441; x_wconf 85' lang='lat' dir='ltr'><strong>proodon</strong></span> 
     </span>
     <span class='ocr_line' id='line_1_3' title="bbox 142 454 1159 530; baseline 0.001 -18"><span class='ocrx_word' id='word_1_13' title='bbox 142 454 267 530; x_wconf 78' lang='lat' dir='ltr'><strong>Epodon</strong></span> <span class='ocrx_word' id='word_1_14' title='bbox 289 454 401 511; x_wconf 80' lang='lat' dir='ltr'><strong>dicitur</strong></span> <span class='ocrx_word' id='word_1_15' title='bbox 422 455 511 528; x_wconf 85' lang='lat' dir='ltr'><strong>quasi</strong></span> <span class='ocrx_word' id='word_1_16' title='bbox 532 456 748 528; x_wconf 56' lang='lat' dir='ltr'><strong>posteautatim</strong></span> <span class='ocrx_word' id='word_1_17' title='bbox 771 464 820 527; x_wconf 87' lang='lat' dir='ltr'><strong>ut,</strong></span> <span class='ocrx_word' id='word_1_18' title='bbox 841 454 922 528; x_wconf 89' lang='lat' dir='ltr'><strong>quod</strong></span> <span class='ocrx_word' id='word_1_19' title='bbox 943 454 1020 512; x_wconf 80' lang='lat' dir='ltr'><strong>dicit</strong></span> <span class='ocrx_word' id='word_1_20' title='bbox 1042 457 1159 530; x_wconf 83' lang='lat' dir='ltr'><strong>primus</strong></span> 
     </span>
     <span class='ocr_line' id='line_1_4' title="bbox 141 541 1158 618; baseline 0 -16"><span class='ocrx_word' id='word_1_21' title='bbox 141 561 258 615; x_wconf 77' lang='lat' dir='ltr'><strong>nerana,</strong></span> <span class='ocrx_word' id='word_1_22' title='bbox 284 542 357 599; x_wconf 91' lang='lat' dir='ltr'><strong>ordo</strong></span> <span class='ocrx_word' id='word_1_23' title='bbox 384 544 534 616; x_wconf 76' lang='lat' dir='ltr'><strong>sequentis</strong></span> <span class='ocrx_word' id='word_1_24' title='bbox 556 541 709 616; x_wconf 58' lang='lat' dir='ltr'><strong>explsum</strong></span> <span class='ocrx_word' id='word_1_25' title='bbox 737 542 871 616; x_wconf 92' lang='lat' dir='ltr'><strong>proodon</strong></span> <span class='ocrx_word' id='word_1_26' title='bbox 893 561 949 618; x_wconf 87' lang='lat' dir='ltr'><strong>per</strong></span> <span class='ocrx_word' id='word_1_27' title='bbox 970 546 1158 602; x_wconf 83' lang='lat' dir='ltr'><strong>eontrarium</strong></span> 
     </span>
     <span class='ocr_line' id='line_1_5' title="bbox 141 630 1158 708; baseline 0.003 -21"><span class='ocrx_word' id='word_1_28' title='bbox 141 633 230 707; x_wconf 86' lang='lat' dir='ltr'><strong>quasi</strong></span> <span class='ocrx_word' id='word_1_29' title='bbox 257 632 469 688; x_wconf 76' lang='lat' dir='ltr'><strong>anteeantatio.</strong></span> <span class='ocrx_word' id='word_1_30' title='bbox 513 630 579 688; x_wconf 84' lang='lat' dir='ltr'><strong>Hoc</strong></span> <span class='ocrx_word' id='word_1_31' title='bbox 601 633 701 705; x_wconf 80' lang='lat' dir='ltr'><strong>ipsum</strong></span> <span class='ocrx_word' id='word_1_32' title='bbox 722 632 809 688; x_wconf 85' lang='lat' dir='ltr'><strong>item:</strong></span> <span class='ocrx_word' id='word_1_33' title='bbox 838 631 954 706; x_wconf 84' lang='lat' dir='ltr'><strong>epodon</strong></span> <span class='ocrx_word' id='word_1_34' title='bbox 977 635 1070 706; x_wconf 83' lang='lat' dir='ltr'><strong>quasi</strong></span> <span class='ocrx_word' id='word_1_35' title='bbox 1091 640 1158 708; x_wconf 84' lang='lat' dir='ltr'><strong>post</strong></span> 
     </span>
    </p>

    <p class='ocr_par' dir='ltr' id='par_1_3' title="bbox 105 719 1156 886">
     <span class='ocr_line' id='line_1_6' title="bbox 105 719 1156 796; baseline 0.004 -21"><span class='ocrx_word' id='word_1_36' title='bbox 105 719 226 790; x_wconf 70' lang='lat' dir='ltr'><strong>sodes,</strong></span> <span class='ocrx_word' id='word_1_37' title='bbox 248 720 303 776; x_wconf 86' lang='lat' dir='ltr'><strong>hoc</strong></span> <span class='ocrx_word' id='word_1_38' title='bbox 326 724 371 776; x_wconf 77' lang='lat' dir='ltr'><strong>est</strong></span> <span class='ocrx_word' id='word_1_39' title='bbox 388 722 458 793; x_wconf 74' lang='lat' dir='ltr'><strong>post</strong></span> <span class='ocrx_word' id='word_1_40' title='bbox 475 737 588 791; x_wconf 78' lang='lat' dir='ltr'><strong>uooem,</strong></span> <span class='ocrx_word' id='word_1_41' title='bbox 610 726 679 793; x_wconf 71' lang='lat' dir='ltr'><strong>post</strong></span> <span class='ocrx_word' id='word_1_42' title='bbox 697 719 890 791; x_wconf 68' lang='lat' dir='ltr'><strong>cantilenam</strong></span> <span class='ocrx_word' id='word_1_43' title='bbox 912 720 1050 794; x_wconf 90' lang='lat' dir='ltr'><strong>proodon</strong></span> <span class='ocrx_word' id='word_1_44' title='bbox 1071 722 1156 796; x_wconf 84' lang='lat' dir='ltr'><strong>quasi</strong></span> 
     </span>
     <span class='ocr_line' id='line_1_7' title="bbox 141 800 909 886; baseline 0 -22"><span class='ocrx_word' id='word_1_45' title='bbox 141 812 211 865; x_wconf 85' lang='lat' dir='ltr'><strong>ante</strong></span> <span class='ocrx_word' id='word_1_46' title='bbox 233 807 320 879; x_wconf 87' lang='lat' dir='ltr'><strong>oden,</strong></span> <span class='ocrx_word' id='word_1_47' title='bbox 342 812 412 864; x_wconf 84' lang='lat' dir='ltr'><strong>aute</strong></span> <span class='ocrx_word' id='word_1_48' title='bbox 434 825 548 879; x_wconf 87' lang='lat' dir='ltr'><strong>uooem,</strong></span> <span class='ocrx_word' id='word_1_49' title='bbox 570 811 640 864; x_wconf 81' lang='lat' dir='ltr'><strong>aute</strong></span> <span class='ocrx_word' id='word_1_50' title='bbox 662 808 842 865; x_wconf 82' lang='lat' dir='ltr'><strong>oantilenam</strong></span> <span class='ocrx_word' id='word_1_51' title='bbox 864 800 909 886; x_wconf 86' lang='grc' dir='ltr'><strong>(Γ</strong></span> 
     </span>
    </p>

    <p class='ocr_par' dir='ltr' id='par_1_4' title="bbox 140 890 1154 1151">
     <span class='ocr_line' id='line_1_8' title="bbox 230 890 1154 973; baseline 0.004 -21"><span class='ocrx_word' id='word_1_52' title='bbox 230 913 289 953; x_wconf 75' lang='lat' dir='ltr'><strong>mss</strong></span> <span class='ocrx_word' id='word_1_53' title='bbox 312 912 453 953; x_wconf 73' lang='lat' dir='ltr'><strong>mus</strong></span> <span class='ocrx_word' id='word_1_54' title='bbox 476 913 568 952; x_wconf 76' lang='lat' dir='ltr'><strong>nm</strong></span> <span class='ocrx_word' id='word_1_55' title='bbox 589 914 671 952; x_wconf 82' lang='lat' dir='ltr'><strong>aura</strong></span> <span class='ocrx_word' id='word_1_56' title='bbox 688 890 819 973; x_wconf 72' lang='lat' dir='ltr'><strong>sam]</strong></span> <span class='ocrx_word' id='word_1_57' title='bbox 856 915 985 953; x_wconf 78' lang='lat' dir='ltr'><strong>mvii</strong></span> <span class='ocrx_word' id='word_1_58' title='bbox 1003 915 1154 956; x_wconf 71' lang='lat' dir='ltr'><strong>umoris</strong></span> 
     </span>
     <span class='ocr_line' id='line_1_9' title="bbox 140 1001 1153 1058; baseline 0.005 -18"><span class='ocrx_word' id='word_1_59' title='bbox 140 1001 274 1042; x_wconf 79' lang='lat' dir='ltr'><strong>nicrrvn</strong></span> <span class='ocrx_word' id='word_1_60' title='bbox 315 1001 428 1041; x_wconf 70' lang='lat' dir='ltr'><strong>ramus</strong></span> <span class='ocrx_word' id='word_1_61' title='bbox 451 1002 526 1040; x_wconf 75' lang='lat' dir='ltr'><strong>mx</strong></span> <span class='ocrx_word' id='word_1_62' title='bbox 549 1001 664 1041; x_wconf 69' lang='lat' dir='ltr'><strong>mssa</strong></span> <span class='ocrx_word' id='word_1_63' title='bbox 687 1002 831 1042; x_wconf 67' lang='lat' dir='ltr'><strong>unicus</strong></span> <span class='ocrx_word' id='word_1_64' title='bbox 853 1003 1021 1058; x_wconf 72' lang='lat' dir='ltr'><strong>mun,</strong></span> <span class='ocrx_word' id='word_1_65' title='bbox 1045 1003 1153 1045; x_wconf 72' lang='lat' dir='ltr'><strong>saeva·</strong></span> 
     </span>
     <span class='ocr_line' id='line_1_10' title="bbox 141 1065 669 1151; baseline 0 -21"><span class='ocrx_word' id='word_1_66' title='bbox 141 1090 201 1130; x_wconf 80' lang='lat' dir='ltr'><strong>ovs</strong></span> <span class='ocrx_word' id='word_1_67' title='bbox 223 1091 362 1130; x_wconf 73' lang='lat' dir='ltr'><strong>omna</strong></span> <span class='ocrx_word' id='word_1_68' title='bbox 384 1089 530 1129; x_wconf 70' lang='lat' dir='ltr'><strong>nameus</strong></span> <span class='ocrx_word' id='word_1_69' title='bbox 554 1065 669 1151; x_wconf 66' lang='grc' dir='ltr'><strong>(Περ</strong></span> 
     </span>
    </p>

    <p class='ocr_par' dir='ltr' id='par_1_5' title="bbox 89 1161 1152 1594">
     <span class='ocr_line' id='line_1_11' title="bbox 89 1161 1152 1237; baseline 0.003 -19"><span class='ocrx_word' id='word_1_70' title='bbox 89 1177 123 1226; x_wconf 82' lang='grc' dir='ltr'><strong>ιο</strong></span> <span class='ocrx_word' id='word_1_71' title='bbox 229 1161 354 1237; x_wconf 86' lang='lat' dir='ltr'><strong>Epodon</strong></span> <span class='ocrx_word' id='word_1_72' title='bbox 381 1180 499 1218; x_wconf 81' lang='lat' dir='ltr'><strong>carmen</strong></span> <span class='ocrx_word' id='word_1_73' title='bbox 521 1165 660 1219; x_wconf 75' lang='lat' dir='ltr'><strong>uocatu:</strong></span> <span class='ocrx_word' id='word_1_74' title='bbox 691 1162 804 1235; x_wconf 83' lang='lat' dir='ltr'><strong>primus</strong></span> <span class='ocrx_word' id='word_1_75' title='bbox 826 1163 908 1218; x_wconf 82' lang='lat' dir='ltr'><strong>euim</strong></span> <span class='ocrx_word' id='word_1_76' title='bbox 930 1180 1036 1220; x_wconf 84' lang='lat' dir='ltr'><strong>uersus</strong></span> <span class='ocrx_word' id='word_1_77' title='bbox 1060 1164 1152 1221; x_wconf 88' lang='lat' dir='ltr'><strong>maior</strong></span> 
     </span>
     <span class='ocr_line' id='line_1_12' title="bbox 140 1243 1152 1332; baseline 0.002 -24"><span class='ocrx_word' id='word_1_78' title='bbox 140 1243 225 1327; x_wconf 49' lang='lat' dir='ltr'><strong>[esth</strong></span> <span class='ocrx_word' id='word_1_79' title='bbox 246 1249 392 1308; x_wconf 78' lang='lat' dir='ltr'><strong>secundus</strong></span> <span class='ocrx_word' id='word_1_80' title='bbox 409 1251 515 1306; x_wconf 86' lang='lat' dir='ltr'><strong>minor.</strong></span> <span class='ocrx_word' id='word_1_81' title='bbox 554 1249 595 1306; x_wconf 72' lang='lat' dir='ltr'><strong>nt</strong></span> <span class='ocrx_word' id='word_1_82' title='bbox 611 1251 727 1325; x_wconf 86' lang='lat' dir='ltr'><strong>primus</strong></span> <span class='ocrx_word' id='word_1_83' title='bbox 745 1265 851 1307; x_wconf 86' lang='lat' dir='ltr'><strong>uersus</strong></span> <span class='ocrx_word' id='word_1_84' title='bbox 868 1248 1000 1308; x_wconf 79' lang='lat' dir='ltr'><strong>secundo</strong></span> <span class='ocrx_word' id='word_1_85' title='bbox 1018 1245 1152 1332; x_wconf 73' lang='grc' dir='ltr'><strong><em>ἐπᾴδεται</em></strong></span> 
     </span>
     <span class='ocr_line' id='line_1_13' title="bbox 140 1335 1151 1416; baseline 0.001 -20"><span class='ocrx_word' id='word_1_86' title='bbox 140 1335 1151 1416; x_wconf 64' lang='grc' dir='ltr'><strong>ἱδωίριιοαηίῒιιι,ιιείᾳαίε(δηοοεέποςωηιῶιιδδσίίῶ,</strong></span> 
     </span>
     <span class='ocr_line' id='line_1_14' title="bbox 140 1425 1151 1509; baseline 0.006 -27"><span class='ocrx_word' id='word_1_87' title='bbox 140 1426 209 1485; x_wconf 80' lang='lat' dir='ltr'><strong>ideo</strong></span> <span class='ocrx_word' id='word_1_88' title='bbox 237 1425 362 1509; x_wconf 86' lang='grc' dir='ltr'><strong><em>ἐπῳδῶν</em></strong></span> <span class='ocrx_word' id='word_1_89' title='bbox 387 1427 437 1483; x_wconf 87' lang='lat' dir='ltr'><strong>hio</strong></span> <span class='ocrx_word' id='word_1_90' title='bbox 463 1426 540 1483; x_wconf 90' lang='lat' dir='ltr'><strong>liber</strong></span> <span class='ocrx_word' id='word_1_91' title='bbox 566 1427 750 1497; x_wconf 66' lang='lat' dir='ltr'><strong>nominatio,</strong></span> <span class='ocrx_word' id='word_1_92' title='bbox 782 1427 856 1500; x_wconf 85' lang='lat' dir='ltr'><strong>quia</strong></span> <span class='ocrx_word' id='word_1_93' title='bbox 882 1429 1026 1485; x_wconf 81' lang='lat' dir='ltr'><strong>contiuuo</strong></span> <span class='ocrx_word' id='word_1_94' title='bbox 1054 1432 1151 1488; x_wconf 71' lang='lat' dir='ltr'><strong>tenue</strong></span> 
     </span>
     <span class='ocr_line' id='line_1_15' title="bbox 140 1508 1071 1594; baseline 0 -20"><span class='ocrx_word' id='word_1_95' title='bbox 140 1516 232 1589; x_wconf 88' lang='lat' dir='ltr'><strong>primi</strong></span> <span class='ocrx_word' id='word_1_96' title='bbox 253 1533 358 1574; x_wconf 85' lang='lat' dir='ltr'><strong>uersus</strong></span> <span class='ocrx_word' id='word_1_97' title='bbox 380 1532 484 1573; x_wconf 85' lang='lat' dir='ltr'><strong>sensus</strong></span> <span class='ocrx_word' id='word_1_98' title='bbox 506 1532 598 1572; x_wconf 85' lang='lat' dir='ltr'><strong>uersu</strong></span> <span class='ocrx_word' id='word_1_99' title='bbox 619 1516 756 1587; x_wconf 77' lang='lat' dir='ltr'><strong>sequenti</strong></span> <span class='ocrx_word' id='word_1_100' title='bbox 777 1514 967 1572; x_wconf 72' lang='lat' dir='ltr'>concluditur</span> <span class='ocrx_word' id='word_1_101' title='bbox 988 1508 1071 1594; x_wconf 85' lang='lat' dir='ltr'><strong>(AV</strong></span> 
     </span>
    </p>

    <p class='ocr_par' dir='ltr' id='par_1_6' title="bbox 88 1598 1155 1684">
     <span class='ocr_line' id='line_1_16' title="bbox 88 1598 1155 1684; baseline 0.003 -24"><span class='ocrx_word' id='word_1_102' title='bbox 88 1620 122 1666; x_wconf 79' lang='lat'><strong>15</strong></span> <span class='ocrx_word' id='word_1_103' title='bbox 229 1603 327 1661; x_wconf 87' lang='lat' dir='ltr'><strong>Huius</strong></span> <span class='ocrx_word' id='word_1_104' title='bbox 354 1621 426 1660; x_wconf 93' lang='lat' dir='ltr'><strong>uero</strong></span> <span class='ocrx_word' id='word_1_105' title='bbox 452 1605 541 1660; x_wconf 88' lang='lat' dir='ltr'><strong>metri</strong></span> <span class='ocrx_word' id='word_1_106' title='bbox 566 1604 706 1660; x_wconf 81' lang='lat' dir='ltr'><strong>inuentor</strong></span> <span class='ocrx_word' id='word_1_107' title='bbox 732 1602 830 1660; x_wconf 79' lang='lat' dir='ltr'><strong>fertur</strong></span> <span class='ocrx_word' id='word_1_108' title='bbox 855 1602 1055 1662; x_wconf 78' lang='lat' dir='ltr'><strong>Archilochus</strong></span> <span class='ocrx_word' id='word_1_109' title='bbox 1080 1598 1155 1684; x_wconf 85' lang='lat' dir='ltr'><strong>(AV</strong></span> 
     </span>
    </p>

    <p class='ocr_par' dir='ltr' id='par_1_7' title="bbox 141 1684 1152 1944">
     <span class='ocr_line' id='line_1_17' title="bbox 232 1684 1152 1767; baseline 0.002 -19"><span class='ocrx_word' id='word_1_110' title='bbox 232 1684 266 1750; x_wconf 93' lang='lat' dir='ltr'><strong>l.</strong></span> <span class='ocrx_word' id='word_1_111' title='bbox 307 1707 367 1747; x_wconf 81' lang='lat' dir='ltr'><strong>nus</strong></span> <span class='ocrx_word' id='word_1_112' title='bbox 394 1684 550 1767; x_wconf 77' lang='lat' dir='ltr'><strong>mmrs]</strong></span> <span class='ocrx_word' id='word_1_113' title='bbox 594 1689 796 1748; x_wconf 70' lang='lat' dir='ltr'>Maecenatem</span> <span class='ocrx_word' id='word_1_114' title='bbox 820 1694 1014 1766; x_wconf 74' lang='lat' dir='ltr'><strong>prosequitur</strong></span> <span class='ocrx_word' id='word_1_115' title='bbox 1035 1697 1152 1750; x_wconf 69' lang='lat' dir='ltr'><strong>sunm</strong></span> 
     </span>
     <span class='ocr_line' id='line_1_18' title="bbox 141 1778 1152 1855; baseline 0.003 -19"><span class='ocrx_word' id='word_1_116' title='bbox 141 1779 179 1836; x_wconf 87' lang='lat' dir='ltr'><strong>ad</strong></span> <span class='ocrx_word' id='word_1_117' title='bbox 209 1778 322 1836; x_wconf 92' lang='lat' dir='ltr'><strong>bellum</strong></span> <span class='ocrx_word' id='word_1_118' title='bbox 348 1778 457 1835; x_wconf 89' lang='lat' dir='ltr'><strong>nauale</strong></span> <span class='ocrx_word' id='word_1_119' title='bbox 483 1796 552 1835; x_wconf 87' lang='lat' dir='ltr'><strong>eum</strong></span> <span class='ocrx_word' id='word_1_120' title='bbox 578 1778 717 1855; x_wconf 80' lang='lat' dir='ltr'><strong>Augusto</strong></span> <span class='ocrx_word' id='word_1_121' title='bbox 744 1778 902 1836; x_wconf 78' lang='lat' dir='ltr'><strong>aduasum</strong></span> <span class='ocrx_word' id='word_1_122' title='bbox 928 1780 1100 1839; x_wconf 88' lang='lat' dir='ltr'><strong>Antonium</strong></span> <span class='ocrx_word' id='word_1_123' title='bbox 1124 1785 1152 1838; x_wconf 81' lang='lat' dir='ltr'><strong>et</strong></span> 
     </span>
     <span class='ocr_line' id='line_1_19' title="bbox 141 1858 431 1944; baseline 0 -19"><span class='ocrx_word' id='word_1_124' title='bbox 141 1865 331 1942; x_wconf 82' lang='lat' dir='ltr'><strong>Cleopatram</strong></span> <span class='ocrx_word' id='word_1_125' title='bbox 353 1858 431 1944; x_wconf 84' lang='lat' dir='ltr'><strong>(AV</strong></span> 
     </span>
    </p>

    <p class='ocr_par' dir='ltr' id='par_1_8' title="bbox 228 1952 1151 2029">
     <span class='ocr_line' id='line_1_20' title="bbox 228 1952 1151 2029; baseline 0.003 -17"><span class='ocrx_word' id='word_1_126' title='bbox 228 1952 390 2012; x_wconf 65' lang='lat' dir='ltr'><strong>‘Ostendit</strong></span> <span class='ocrx_word' id='word_1_127' title='bbox 410 1953 615 2028; x_wconf 70' lang='lat' dir='ltr'><strong>naumachiae,</strong></span> <span class='ocrx_word' id='word_1_128' title='bbox 637 1953 716 2012; x_wconf 84' lang='lat' dir='ltr'><strong>idest</strong></span> <span class='ocrx_word' id='word_1_129' title='bbox 734 1955 838 2011; x_wconf 85' lang='lat' dir='ltr'><strong>nauali</strong></span> <span class='ocrx_word' id='word_1_130' title='bbox 855 1956 969 2029; x_wconf 88' lang='lat' dir='ltr'><strong>proelio</strong></span> <span class='ocrx_word' id='word_1_131' title='bbox 988 1960 1062 2015; x_wconf 86' lang='lat' dir='ltr'><strong>tuno</strong></span> <span class='ocrx_word' id='word_1_132' title='bbox 1081 1963 1151 2015; x_wconf 84' lang='lat' dir='ltr'><strong>tern-</strong></span> 
     </span>
    </p>

    <p class='ocr_par' dir='ltr' id='par_1_9' title="bbox 85 2038 1152 2382">
     <span class='ocr_line' id='line_1_21' title="bbox 85 2038 1150 2119; baseline 0.002 -18"><span class='ocrx_word' id='word_1_133' title='bbox 85 2043 220 2117; x_wconf 73' lang='lat' dir='ltr'><strong>soporis</strong></span> <span class='ocrx_word' id='word_1_134' title='bbox 242 2045 384 2100; x_wconf 81' lang='lat' dir='ltr'><strong>interesse</strong></span> <span class='ocrx_word' id='word_1_135' title='bbox 406 2038 659 2118; x_wconf 79' lang='lat' dir='ltr'><strong>ll&lt;a&gt;eoenateu1,</strong></span> <span class='ocrx_word' id='word_1_136' title='bbox 681 2044 730 2100; x_wconf 84' lang='lat' dir='ltr'><strong>cni</strong></span> <span class='ocrx_word' id='word_1_137' title='bbox 752 2044 816 2118; x_wconf 82' lang='lat' dir='ltr'><strong>ipse</strong></span> <span class='ocrx_word' id='word_1_138' title='bbox 838 2039 1030 2119; x_wconf 70' lang='lat' dir='ltr'><strong>pr&lt;a&gt;eerat</strong></span> <span class='ocrx_word' id='word_1_139' title='bbox 1053 2045 1150 2103; x_wconf 81' lang='lat' dir='ltr'><strong>diosus</strong></span> 
     </span>
     <span class='ocr_line' id='line_1_22' title="bbox 139 2130 1151 2208; baseline 0.003 -20"><span class='ocrx_word' id='word_1_140' title='bbox 139 2131 225 2188; x_wconf 89' lang='lat' dir='ltr'><strong>illum</strong></span> <span class='ocrx_word' id='word_1_141' title='bbox 255 2133 298 2188; x_wconf 87' lang='lat' dir='ltr'><strong>ire</strong></span> <span class='ocrx_word' id='word_1_142' title='bbox 326 2149 393 2187; x_wconf 85' lang='lat' dir='ltr'><strong>oum</strong></span> <span class='ocrx_word' id='word_1_143' title='bbox 419 2130 574 2204; x_wconf 82' lang='lat' dir='ltr'><strong>Liburnis,</strong></span> <span class='ocrx_word' id='word_1_144' title='bbox 605 2130 684 2188; x_wconf 83' lang='lat' dir='ltr'><strong>idest</strong></span> <span class='ocrx_word' id='word_1_145' title='bbox 711 2132 858 2188; x_wconf 81' lang='lat' dir='ltr'><strong>uauieulis</strong></span> <span class='ocrx_word' id='word_1_146' title='bbox 885 2131 1013 2205; x_wconf 80' lang='lat' dir='ltr'><strong>Libieis,</strong></span> <span class='ocrx_word' id='word_1_147' title='bbox 1045 2135 1151 2208; x_wconf 90' lang='lat' dir='ltr'><strong>quihus</strong></span> 
     </span>
     <span class='ocr_line' id='line_1_23' title="bbox 140 2218 1152 2296; baseline 0.005 -21"><span class='ocrx_word' id='word_1_148' title='bbox 140 2223 266 2276; x_wconf 88' lang='lat' dir='ltr'><strong>utuntur</strong></span> <span class='ocrx_word' id='word_1_149' title='bbox 291 2221 492 2296; x_wconf 82' lang='lat' dir='ltr'><strong>negotiatores</strong></span> <span class='ocrx_word' id='word_1_150' title='bbox 519 2218 646 2293; x_wconf 81' lang='lat' dir='ltr'><strong>Libyae3</strong></span> <span class='ocrx_word' id='word_1_151' title='bbox 678 2221 709 2276; x_wconf 78' lang='lat' dir='ltr'><strong>et</strong></span> <span class='ocrx_word' id='word_1_152' title='bbox 734 2220 766 2275; x_wconf 89' lang='lat' dir='ltr'><strong>hi</strong></span> <span class='ocrx_word' id='word_1_153' title='bbox 794 2221 898 2293; x_wconf 84' lang='lat' dir='ltr'><strong>etiam,</strong></span> <span class='ocrx_word' id='word_1_154' title='bbox 925 2223 979 2295; x_wconf 87' lang='lat' dir='ltr'><strong>qui</strong></span> <span class='ocrx_word' id='word_1_155' title='bbox 1006 2223 1152 2296; x_wconf 89' lang='lat' dir='ltr'><strong>proelium</strong></span> 
     </span>
     <span class='ocr_line' id='line_1_24' title="bbox 139 2307 1151 2382; baseline 0.004 -17"><span class='ocrx_word' id='word_1_156' title='bbox 139 2308 246 2365; x_wconf 87' lang='lat' dir='ltr'><strong>nauale</strong></span> <span class='ocrx_word' id='word_1_157' title='bbox 265 2307 414 2382; x_wconf 82' lang='lat' dir='ltr'><strong>ordinant,</strong></span> <span class='ocrx_word' id='word_1_158' title='bbox 431 2326 500 2365; x_wconf 84' lang='lat' dir='ltr'><strong>oum</strong></span> <span class='ocrx_word' id='word_1_159' title='bbox 517 2308 564 2364; x_wconf 91' lang='lat' dir='ltr'><strong>his</strong></span> <span class='ocrx_word' id='word_1_160' title='bbox 581 2307 731 2364; x_wconf 80' lang='lat' dir='ltr'><strong>nauiculis</strong></span> <span class='ocrx_word' id='word_1_161' title='bbox 749 2307 920 2365; x_wconf 77' lang='lat' dir='ltr'><strong>discurrunt</strong></span> <span class='ocrx_word' id='word_1_162' title='bbox 933 2310 1014 2366; x_wconf 84' lang='lat' dir='ltr'><strong>inter</strong></span> <span class='ocrx_word' id='word_1_163' title='bbox 1026 2313 1151 2369; x_wconf 85' lang='lat' dir='ltr'><strong>maiores</strong></span> 
     </span>
    </p>

    <p class='ocr_par' dir='ltr' id='par_1_10' title="bbox 96 2395 1148 2475">
     <span class='ocr_line' id='line_1_25' title="bbox 96 2395 1148 2475; baseline 0.003 -22"><span class='ocrx_word' id='word_1_164' title='bbox 96 2456 99 2460; x_wconf 68' lang='lat'><em>‚</em></span> <span class='ocrx_word' id='word_1_165' title='bbox 139 2414 241 2470; x_wconf 84' lang='lat' dir='ltr'><strong>naues,</strong></span> <span class='ocrx_word' id='word_1_166' title='bbox 263 2395 433 2454; x_wconf 72' lang='lat' dir='ltr'><strong>ordinantes</strong></span> <span class='ocrx_word' id='word_1_167' title='bbox 451 2396 562 2453; x_wconf 78' lang='lat' dir='ltr'><strong>milites</strong></span> <span class='ocrx_word' id='word_1_168' title='bbox 580 2415 635 2470; x_wconf 89' lang='lat' dir='ltr'><strong>per</strong></span> <span class='ocrx_word' id='word_1_169' title='bbox 652 2395 784 2472; x_wconf 82' lang='lat' dir='ltr'><strong>singulas</strong></span> <span class='ocrx_word' id='word_1_170' title='bbox 802 2414 904 2468; x_wconf 75' lang='lat' dir='ltr'><strong>naues,</strong></span> <span class='ocrx_word' id='word_1_171' title='bbox 926 2397 1009 2470; x_wconf 90' lang='lat' dir='ltr'><strong>quod</strong></span> <span class='ocrx_word' id='word_1_172' title='bbox 1027 2396 1148 2475; x_wconf 76' lang='lat' dir='ltr'><strong>hl&lt;a&gt;e</strong></span> 
     </span>
    </p>

    <p class='ocr_par' dir='ltr' id='par_1_11' title="bbox 85 2482 1151 2630">
     <span class='ocr_line' id='line_1_26' title="bbox 85 2482 1151 2561; baseline 0 -15"><span class='ocrx_word' id='word_1_173' title='bbox 85 2499 121 2546; x_wconf 77' lang='lat'><strong>25</strong></span> <span class='ocrx_word' id='word_1_174' title='bbox 140 2502 227 2542; x_wconf 82' lang='lat' dir='ltr'><strong>cenas</strong></span> <span class='ocrx_word' id='word_1_175' title='bbox 258 2488 330 2543; x_wconf 83' lang='lat' dir='ltr'><strong>tuno</strong></span> <span class='ocrx_word' id='word_1_176' title='bbox 362 2486 437 2561; x_wconf 82' lang='lat' dir='ltr'><strong>egit,</strong></span> <span class='ocrx_word' id='word_1_177' title='bbox 474 2485 551 2541; x_wconf 82' lang='lat' dir='ltr'><strong>sicut</strong></span> <span class='ocrx_word' id='word_1_178' title='bbox 581 2482 709 2557; x_wconf 85' lang='lat' dir='ltr'><strong>quilibet</strong></span> <span class='ocrx_word' id='word_1_179' title='bbox 739 2483 800 2540; x_wconf 88' lang='lat' dir='ltr'><strong>dur</strong></span> <span class='ocrx_word' id='word_1_180' title='bbox 831 2485 863 2540; x_wconf 93' lang='lat' dir='ltr'><strong>in</strong></span> <span class='ocrx_word' id='word_1_181' title='bbox 895 2489 1027 2560; x_wconf 69' lang='lat' dir='ltr'><strong>equestri</strong></span> <span class='ocrx_word' id='word_1_182' title='bbox 1060 2492 1151 2546; x_wconf 79' lang='lat' dir='ltr'><strong>certa·</strong></span> 
     </span>
     <span class='ocr_line' id='line_1_27' title="bbox 139 2574 286 2630; baseline 0 0"><span class='ocrx_word' id='word_1_183' title='bbox 139 2574 218 2630; x_wconf 89' lang='lat' dir='ltr'><strong>mine</strong></span> <span class='ocrx_word' id='word_1_184' title='bbox 256 2575 286 2630; x_wconf 93' lang='grc' dir='ltr'>Γ</span> 
     </span>
    </p>

    <p class='ocr_par' dir='ltr' id='par_1_12' title="bbox 135 2565 1151 2917">
     <span class='ocr_line' id='line_1_28' title="bbox 229 2565 1150 2739; baseline 0.003 -21"><span class='ocrx_word' id='word_1_185' title='bbox 229 2565 264 2720; x_wconf 75' lang='grc'><strong>2(.</strong></span> <span class='ocrx_word' id='word_1_186' title='bbox 282 2677 378 2718; x_wconf 81' lang='lat' dir='ltr'><strong>mes</strong></span> <span class='ocrx_word' id='word_1_187' title='bbox 396 2653 656 2737; x_wconf 77' lang='lat' dir='ltr'><strong>saorvosacvua]</strong></span> <span class='ocrx_word' id='word_1_188' title='bbox 678 2655 950 2739; x_wconf 84' lang='lat' dir='ltr'><strong>&lt;Propugnacula&gt;</strong></span> <span class='ocrx_word' id='word_1_189' title='bbox 963 2666 999 2719; x_wconf 85' lang='lat' dir='ltr'><strong>ut</strong></span> <span class='ocrx_word' id='word_1_190' title='bbox 1012 2665 1045 2720; x_wconf 90' lang='lat' dir='ltr'><strong>in</strong></span> <span class='ocrx_word' id='word_1_191' title='bbox 1059 2683 1150 2735; x_wconf 88' lang='lat' dir='ltr'><strong>muro,</strong></span> 
     </span>
     <span class='ocr_line' id='line_1_29' title="bbox 135 2746 1151 2823; baseline 0.002 -17"><span class='ocrx_word' id='word_1_192' title='bbox 135 2751 184 2806; x_wconf 86' lang='lat' dir='ltr'><strong>ita</strong></span> <span class='ocrx_word' id='word_1_193' title='bbox 213 2750 247 2807; x_wconf 86' lang='lat' dir='ltr'><strong>et</strong></span> <span class='ocrx_word' id='word_1_194' title='bbox 272 2751 308 2806; x_wconf 84' lang='lat' dir='ltr'><strong>in</strong></span> <span class='ocrx_word' id='word_1_195' title='bbox 335 2746 469 2806; x_wconf 74' lang='lat' dir='ltr'><strong>usualius</strong></span> <span class='ocrx_word' id='word_1_196' title='bbox 496 2747 590 2820; x_wconf 80' lang='lat' dir='ltr'><strong>fiunt,</strong></span> <span class='ocrx_word' id='word_1_197' title='bbox 624 2752 694 2823; x_wconf 81' lang='lat' dir='ltr'><strong>post</strong></span> <span class='ocrx_word' id='word_1_198' title='bbox 725 2767 803 2823; x_wconf 88' lang='lat' dir='ltr'><strong>quae</strong></span> <span class='ocrx_word' id='word_1_199' title='bbox 834 2749 1011 2808; x_wconf 81' lang='lat' dir='ltr'><strong>dimicantes</strong></span> <span class='ocrx_word' id='word_1_200' title='bbox 1045 2750 1151 2810; x_wconf 81' lang='lat' dir='ltr'><strong>armati</strong></span> 
     </span>
     <span class='ocr_line' id='line_1_30' title="bbox 139 2829 406 2917; baseline 0.004 -21"><span class='ocrx_word' id='word_1_201' title='bbox 139 2838 304 2896; x_wconf 80' lang='lat' dir='ltr'><strong>consistant</strong></span> <span class='ocrx_word' id='word_1_202' title='bbox 326 2829 406 2917; x_wconf 85' lang='lat' dir='ltr'><strong>(AV</strong></span> 
     </span>
    </p>
   </div>
   <div class='ocr_carea' id='block_1_3' title="bbox 114 3057 1150 3636">
    <p class='ocr_par' dir='ltr' id='par_1_13' title="bbox 114 3057 1150 3636">
     <span class='ocr_line' id='line_1_31' title="bbox 230 3057 1150 3128; baseline 0.003 -18"><span class='ocrx_word' id='word_1_203' title='bbox 230 3063 263 3111; x_wconf 87' lang='lat'><strong>10</strong></span> <span class='ocrx_word' id='word_1_204' title='bbox 286 3057 397 3126; x_wconf 85' lang='lat' dir='ltr'><strong>epodon</strong></span> <span class='ocrx_word' id='word_1_205' title='bbox 419 3073 531 3110; x_wconf 82' lang='lat' dir='ltr'><strong>carmen</strong></span> <span class='ocrx_word' id='word_1_206' title='bbox 553 3059 672 3110; x_wconf 84' lang='lat' dir='ltr'><strong>uooatur</strong></span> <span class='ocrx_word' id='word_1_207' title='bbox 689 3058 729 3128; x_wconf 91' lang='lat' dir='ltr'><strong>A]</strong></span> <span class='ocrx_word' id='word_1_208' title='bbox 747 3057 858 3125; x_wconf 90' lang='lat' dir='ltr'><strong>epodon</strong></span> <span class='ocrx_word' id='word_1_209' title='bbox 878 3058 932 3111; x_wconf 88' lang='lat' dir='ltr'><strong>hoc</strong></span> <span class='ocrx_word' id='word_1_210' title='bbox 950 3075 1065 3112; x_wconf 81' lang='lat' dir='ltr'><strong>carmen</strong></span> <span class='ocrx_word' id='word_1_211' title='bbox 1085 3060 1150 3113; x_wconf 89' lang='lat' dir='ltr'><strong>dioi-</strong></span> 
     </span>
     <span class='ocr_line' id='line_1_32' title="bbox 138 3127 1118 3196; baseline 0.003 -14"><span class='ocrx_word' id='word_1_212' title='bbox 138 3131 186 3182; x_wconf 83' lang='lat' dir='ltr'><strong>tur</strong></span> <span class='ocrx_word' id='word_1_213' title='bbox 202 3145 241 3196; x_wconf 80' lang='lat' dir='ltr'><strong>op</strong></span> <span class='ocrx_word' id='word_1_214' title='bbox 267 3128 378 3195; x_wconf 86' lang='lat' dir='ltr'><strong>epodon</strong></span> <span class='ocrx_word' id='word_1_215' title='bbox 399 3127 454 3180; x_wconf 88' lang='lat' dir='ltr'><strong>hoc</strong></span> <span class='ocrx_word' id='word_1_216' title='bbox 477 3127 581 3179; x_wconf 83' lang='lat' dir='ltr'><strong>dicitur</strong></span> <span class='ocrx_word' id='word_1_217' title='bbox 603 3143 716 3181; x_wconf 82' lang='lat' dir='ltr'><strong>carmen</strong></span> <span class='ocrx_word' id='word_1_218' title='bbox 734 3129 761 3178; x_wconf 90' lang='lat' dir='ltr'><strong><em>V</em></strong></span> <span class='ocrx_word' id='word_1_219' title='bbox 866 3134 898 3181; x_wconf 92' lang='lat'><strong>11</strong></span> <span class='ocrx_word' id='word_1_220' title='bbox 918 3133 963 3182; x_wconf 86' lang='lat' dir='ltr'><strong>est</strong></span> <span class='ocrx_word' id='word_1_221' title='bbox 982 3131 1074 3185; x_wconf 86' lang='lat' dir='ltr'><strong>Vom.</strong></span> <span class='ocrx_word' id='word_1_222' title='bbox 1090 3133 1118 3185; x_wconf 96' lang='lat' dir='ltr'><strong><em>A</em></strong></span> 
     </span>
     <span class='ocr_line' id='line_1_33' title="bbox 139 3197 1149 3273; baseline -0.001 -21"><span class='ocrx_word' id='word_1_223' title='bbox 139 3197 273 3272; x_wconf 73' lang='grc' dir='ltr'><strong>ἐπᾴδεται</strong></span> <span class='ocrx_word' id='word_1_224' title='bbox 287 3198 337 3268; x_wconf 80' lang='grc' dir='ltr'><strong>Κ]</strong></span> <span class='ocrx_word' id='word_1_225' title='bbox 356 3197 474 3265; x_wconf 84' lang='lat' dir='ltr'><strong>epadice</strong></span> <span class='ocrx_word' id='word_1_226' title='bbox 488 3214 511 3264; x_wconf 86' lang='lat' dir='ltr'><strong>p</strong></span> <span class='ocrx_word' id='word_1_227' title='bbox 529 3197 662 3265; x_wconf 85' lang='lat' dir='ltr'><strong>epidioic</strong></span> <span class='ocrx_word' id='word_1_228' title='bbox 680 3198 764 3266; x_wconf 88' lang='lat' dir='ltr'><strong>epadi</strong></span> <span class='ocrx_word' id='word_1_229' title='bbox 778 3198 839 3255; x_wconf 93' lang='lat' dir='ltr'><strong>AV</strong></span> <span class='ocrx_word' id='word_1_230' title='bbox 907 3206 940 3252; x_wconf 81' lang='lat'><strong>12</strong></span> <span class='ocrx_word' id='word_1_231' title='bbox 955 3216 1024 3268; x_wconf 90' lang='lat' dir='ltr'><strong>epos</strong></span> <span class='ocrx_word' id='word_1_232' title='bbox 1038 3202 1066 3254; x_wconf 85' lang='lat' dir='ltr'><strong><em>A</em></strong></span> <span class='ocrx_word' id='word_1_233' title='bbox 1086 3216 1149 3273; x_wconf 72' lang='lat' dir='ltr'><strong>epos</strong></span> 
     </span>
     <span class='ocr_line' id='line_1_34' title="bbox 144 3268 1150 3338; baseline 0.007 -19"><span class='ocrx_word' id='word_1_234' title='bbox 144 3269 392 3338; x_wconf 75' lang='lat' dir='ltr'><strong>Vplooanoioc</strong></span> <span class='ocrx_word' id='word_1_235' title='bbox 468 3268 931 3336; x_wconf 67' lang='lat' dir='ltr'><strong>iaepodonAVplammaiac</strong></span> <span class='ocrx_word' id='word_1_236' title='bbox 1008 3277 1042 3325; x_wconf 77' lang='lat'><strong>15</strong></span> <span class='ocrx_word' id='word_1_237' title='bbox 1062 3271 1150 3326; x_wconf 84' lang='lat' dir='ltr'><strong>archi·</strong></span> 
     </span>
     <span class='ocr_line' id='line_1_35' title="bbox 138 3338 1115 3411; baseline 0.006 -19"><span class='ocrx_word' id='word_1_238' title='bbox 138 3338 236 3393; x_wconf 87' lang='lat' dir='ltr'><strong>loohns</strong></span> <span class='ocrx_word' id='word_1_239' title='bbox 249 3341 277 3410; x_wconf 82' lang='lat' dir='ltr'><strong>e]</strong></span> <span class='ocrx_word' id='word_1_240' title='bbox 291 3338 447 3392; x_wconf 74' lang='lat' dir='ltr'><strong>archilocus</strong></span> <span class='ocrx_word' id='word_1_241' title='bbox 457 3357 480 3407; x_wconf 88' lang='lat' dir='ltr'><strong>p</strong></span> <span class='ocrx_word' id='word_1_242' title='bbox 493 3339 634 3392; x_wconf 79' lang='lat' dir='ltr'><strong>archilaus</strong></span> <span class='ocrx_word' id='word_1_243' title='bbox 644 3340 705 3393; x_wconf 89' lang='lat' dir='ltr'><strong>AV</strong></span> <span class='ocrx_word' id='word_1_244' title='bbox 774 3345 806 3393; x_wconf 82' lang='grc'><strong>16</strong></span> <span class='ocrx_word' id='word_1_245' title='bbox 821 3356 912 3393; x_wconf 87' lang='lat' dir='ltr'><strong>maec:</strong></span> <span class='ocrx_word' id='word_1_246' title='bbox 925 3342 958 3411; x_wconf 84' lang='lat' dir='ltr'><strong>p]</strong></span> <span class='ocrx_word' id='word_1_247' title='bbox 967 3358 1042 3395; x_wconf 88' lang='lat' dir='ltr'><strong>meo:</strong></span> <span class='ocrx_word' id='word_1_248' title='bbox 1057 3351 1115 3398; x_wconf 74' lang='lat' dir='ltr'><strong>cett.</strong></span> 
     </span>
     <span class='ocr_line' id='line_1_36' title="bbox 137 3408 1149 3479; baseline 0.002 -15"><span class='ocrx_word' id='word_1_249' title='bbox 137 3415 172 3464; x_wconf 86' lang='grc'><strong>17</strong></span> <span class='ocrx_word' id='word_1_250' title='bbox 191 3410 228 3464; x_wconf 85' lang='lat' dir='ltr'><strong>ad</strong></span> <span class='ocrx_word' id='word_1_251' title='bbox 243 3408 320 3464; x_wconf 80' lang='lat' dir='ltr'><strong>bellu</strong></span> <span class='ocrx_word' id='word_1_252' title='bbox 333 3409 437 3464; x_wconf 84' lang='lat' dir='ltr'><strong>nauale</strong></span> <span class='ocrx_word' id='word_1_253' title='bbox 451 3414 485 3462; x_wconf 72' lang='lat' dir='ltr'><strong>cii</strong></span> <span class='ocrx_word' id='word_1_254' title='bbox 500 3411 620 3479; x_wconf 78' lang='lat' dir='ltr'><strong>augusto</strong></span> <span class='ocrx_word' id='word_1_255' title='bbox 633 3408 737 3463; x_wconf 84' lang='lat' dir='ltr'><strong>nauale</strong></span> <span class='ocrx_word' id='word_1_256' title='bbox 750 3414 785 3462; x_wconf 75' lang='lat' dir='ltr'><strong>ou</strong></span> <span class='ocrx_word' id='word_1_257' title='bbox 799 3413 919 3479; x_wconf 84' lang='lat' dir='ltr'><strong>augusto</strong></span> <span class='ocrx_word' id='word_1_258' title='bbox 933 3413 962 3466; x_wconf 88' lang='lat' dir='ltr'><strong><em>A</em></strong></span> <span class='ocrx_word' id='word_1_259' title='bbox 1036 3419 1069 3465; x_wconf 81' lang='grc'><strong>19</strong></span> <span class='ocrx_word' id='word_1_260' title='bbox 1083 3430 1149 3466; x_wconf 87' lang='lat' dir='ltr'><strong>nau·</strong></span> 
     </span>
     <span class='ocr_line' id='line_1_37' title="bbox 123 3478 1118 3559; baseline 0.007 -30"><span class='ocrx_word' id='word_1_261' title='bbox 123 3483 260 3540; x_wconf 69' lang='lat' dir='ltr'><strong>machine</strong></span> <span class='ocrx_word' id='word_1_262' title='bbox 277 3482 357 3540; x_wconf 72' lang='lat' dir='ltr'><strong>idest</strong></span> <span class='ocrx_word' id='word_1_263' title='bbox 373 3483 401 3559; x_wconf 83' lang='lat' dir='ltr'><strong>r]</strong></span> <span class='ocrx_word' id='word_1_264' title='bbox 421 3501 506 3554; x_wconf 61' lang='grc' dir='ltr'><strong>(Μ</strong></span> <span class='ocrx_word' id='word_1_265' title='bbox 614 3485 652 3534; x_wconf 77' lang='lat' dir='ltr'><strong>si</strong></span> <span class='ocrx_word' id='word_1_266' title='bbox 670 3478 776 3549; x_wconf 60' lang='lat' dir='ltr'><strong>aaron</strong></span> <span class='ocrx_word' id='word_1_267' title='bbox 792 3483 833 3543; x_wconf 52' lang='lat' dir='ltr'><strong>rs</strong></span> <span class='ocrx_word' id='word_1_268' title='bbox 934 3488 974 3531; x_wconf 70' lang='lat' dir='ltr'><strong>aa</strong></span> <span class='ocrx_word' id='word_1_269' title='bbox 987 3482 1078 3550; x_wconf 42' lang='lat' dir='ltr'><strong>usust</strong></span> <span class='ocrx_word' id='word_1_270' title='bbox 1090 3488 1118 3548; x_wconf 67' lang='lat' dir='ltr'><strong>q</strong></span> 
     </span>
     <span class='ocr_line' id='line_1_38' title="bbox 114 3554 634 3636; baseline -0.01 -21"><span class='ocrx_word' id='word_1_271' title='bbox 114 3560 152 3609; x_wconf 81' lang='lat'><strong>29</strong></span> <span class='ocrx_word' id='word_1_272' title='bbox 171 3559 301 3617; x_wconf 61' lang='lat' dir='ltr'><strong>&amp;istm</strong></span> <span class='ocrx_word' id='word_1_273' title='bbox 319 3560 364 3636; x_wconf 87' lang='lat' dir='ltr'><strong>A]</strong></span> <span class='ocrx_word' id='word_1_274' title='bbox 383 3558 555 3616; x_wconf 70' lang='lat' dir='ltr'><strong>consistunt</strong></span> <span class='ocrx_word' id='word_1_275' title='bbox 567 3554 634 3624; x_wconf 80' lang='lat' dir='ltr'><strong>ch</strong></span> 
     </span>
    </p>
   </div>
   <div class='ocr_carea' id='block_1_4' title="bbox 0 0 1250 3840">
    <p class='ocr_par' dir='ltr' id='par_1_14' title="bbox 0 0 1250 3840">
     <span class='ocr_line' id='line_1_39' title="bbox 0 0 1250 3840; baseline 0 4"><span class='ocrx_word' id='word_1_276' title='bbox 0 0 1250 3840; x_wconf 95' lang='lat' dir='ltr'><strong> </strong></span> 
     </span>
    </p>
   </div>
  </div>
 </body>
</html>
