<?xml version="1.0" encoding="UTF-8"?>
<!DOCTYPE html PUBLIC "-//W3C//DTD XHTML 1.0 Transitional//EN"
    "http://www.w3.org/TR/xhtml1/DTD/xhtml1-transitional.dtd">
<html xmlns="http://www.w3.org/1999/xhtml" xml:lang="en" lang="en">
 <head>
  <title>
</title>
<meta http-equiv="Content-Type" content="text/html;charset=utf-8" />
  <meta name='ocr-system' content='tesseract 3.04.00' />
  <meta name='ocr-capabilities' content='ocr_page ocr_carea ocr_par ocr_line ocrx_word'/>
</head>
<body>
  <div class='ocr_page' id='page_1' title='image "./pseudacronissch00kellgoog/pseudacronissch00kellgoog_0143.png"; bbox 0 0 2490 3840; ppageno 0'>
   <div class='ocr_carea' id='block_1_1' title="bbox 472 182 820 238">
    <p class='ocr_par' dir='ltr' id='par_1_1' title="bbox 472 182 820 238">
     <span class='ocr_line' id='line_1_1' title="bbox 472 182 820 238; baseline -0.003 0"><span class='ocrx_word' id='word_1_1' title='bbox 472 182 660 238; x_wconf 81' lang='lat' dir='ltr'>EXPOSITIO</span> <span class='ocrx_word' id='word_1_2' title='bbox 679 183 719 236; x_wconf 88' lang='lat' dir='ltr'>IN</span> <span class='ocrx_word' id='word_1_3' title='bbox 737 183 820 238; x_wconf 86' lang='lat' dir='ltr'><strong>HOR.</strong></span> 
     </span>
    </p>
   </div>
   <div class='ocr_carea' id='block_1_2' title="bbox 540 457 751 517">
    <p class='ocr_par' dir='ltr' id='par_1_2' title="bbox 540 457 751 517">
     <span class='ocr_line' id='line_1_2' title="bbox 540 457 751 517; baseline 0.005 -1"><span class='ocrx_word' id='word_1_4' title='bbox 540 457 656 517; x_wconf 80' lang='lat' dir='ltr'>OARM.</span> <span class='ocrx_word' id='word_1_5' title='bbox 675 459 691 516; x_wconf 97' lang='lat' dir='ltr'>I</span> <span class='ocrx_word' id='word_1_6' title='bbox 711 460 751 517; x_wconf 84' lang='lat'>35</span> 
     </span>
    </p>
   </div>
   <div class='ocr_carea' id='block_1_3' title="bbox 466 611 825 700">
    <p class='ocr_par' dir='ltr' id='par_1_3' title="bbox 466 611 825 700">
     <span class='ocr_line' id='line_1_3' title="bbox 466 611 825 700; baseline 0.003 -25"><span class='ocrx_word' id='word_1_7' title='bbox 466 612 523 697; x_wconf 75' lang='lat' dir='ltr'>[su</span> <span class='ocrx_word' id='word_1_8' title='bbox 546 635 712 678; x_wconf 74' lang='lat' dir='ltr'>ronrvnau</span> <span class='ocrx_word' id='word_1_9' title='bbox 735 611 777 700; x_wconf 84' lang='lat' dir='ltr'>(A</span> <span class='ocrx_word' id='word_1_10' title='bbox 783 613 825 698; x_wconf 87' lang='grc' dir='ltr'>Β]</span> 
     </span>
    </p>
   </div>
   <div class='ocr_carea' id='block_1_4' title="bbox 87 760 1154 1820">
    <p class='ocr_par' dir='ltr' id='par_1_4' title="bbox 87 760 1154 1820">
     <span class='ocr_line' id='line_1_4' title="bbox 226 760 1151 837; baseline 0.002 -17"><span class='ocrx_word' id='word_1_11' title='bbox 226 761 356 820; x_wconf 87' lang='lat' dir='ltr'>Metrum</span> <span class='ocrx_word' id='word_1_12' title='bbox 383 760 500 820; x_wconf 85' lang='lat' dir='ltr'>duobus</span> <span class='ocrx_word' id='word_1_13' title='bbox 527 761 664 820; x_wconf 90' lang='lat' dir='ltr'>uersibus</span> <span class='ocrx_word' id='word_1_14' title='bbox 692 761 860 837; x_wconf 89' lang='lat' dir='ltr'>Alcaicum,</span> <span class='ocrx_word' id='word_1_15' title='bbox 887 764 995 821; x_wconf 86' lang='lat' dir='ltr'>tertius</span> <span class='ocrx_word' id='word_1_16' title='bbox 1023 761 1151 822; x_wconf 86' lang='lat' dir='ltr'>dimeter</span> 
     </span>
     <span class='ocr_line' id='line_1_5' title="bbox 137 842 984 930; baseline 0.001 -21"><span class='ocrx_word' id='word_1_17' title='bbox 137 852 319 911; x_wconf 91' lang='lat' dir='ltr'>nouenarius</span> <span class='ocrx_word' id='word_1_18' title='bbox 342 849 496 924; x_wconf 87' lang='lat' dir='ltr'>iambicus,</span> <span class='ocrx_word' id='word_1_19' title='bbox 520 853 647 926; x_wconf 84' lang='lat' dir='ltr'>quartus</span> <span class='ocrx_word' id='word_1_20' title='bbox 670 850 846 910; x_wconf 86' lang='lat' dir='ltr'>Pindaricus</span> <span class='ocrx_word' id='word_1_21' title='bbox 870 842 949 930; x_wconf 89' lang='grc' dir='ltr'>(ΒΓ</span> <span class='ocrx_word' id='word_1_22' title='bbox 956 851 984 910; x_wconf 88' lang='lat' dir='ltr'><strong><em>V</em></strong></span> 
     </span>
     <span class='ocr_line' id='line_1_6' title="bbox 102 933 1152 1017; baseline -0.001 -18"><span class='ocrx_word' id='word_1_23' title='bbox 102 950 120 999; x_wconf 80' lang='lat' dir='ltr'>o</span> <span class='ocrx_word' id='word_1_24' title='bbox 164 977 166 982; x_wconf 83' lang='lat'><em>.</em></span> <span class='ocrx_word' id='word_1_25' title='bbox 230 941 256 997; x_wconf 92' lang='lat'>1.</span> <span class='ocrx_word' id='word_1_26' title='bbox 295 956 412 997; x_wconf 78' lang='lat' dir='ltr'>onrva</span> <span class='ocrx_word' id='word_1_27' title='bbox 431 956 556 997; x_wconf 76' lang='lat' dir='ltr'>oaarvu</span> <span class='ocrx_word' id='word_1_28' title='bbox 575 956 603 1004; x_wconf 81' lang='lat' dir='ltr'>o.</span> <span class='ocrx_word' id='word_1_29' title='bbox 622 958 650 996; x_wconf 82' lang='lat' dir='ltr'>a.</span> <span class='ocrx_word' id='word_1_30' title='bbox 670 933 713 1017; x_wconf 69' lang='lat' dir='ltr'>a]</span> <span class='ocrx_word' id='word_1_31' title='bbox 754 938 835 998; x_wconf 89' lang='lat' dir='ltr'>Haec</span> <span class='ocrx_word' id='word_1_32' title='bbox 855 939 909 998; x_wconf 88' lang='lat' dir='ltr'>ode</span> <span class='ocrx_word' id='word_1_33' title='bbox 928 939 967 998; x_wconf 82' lang='lat' dir='ltr'>ad</span> <span class='ocrx_word' id='word_1_34' title='bbox 985 940 1152 999; x_wconf 76' lang='lat' dir='ltr'><strong>Fortunam</strong></span> 
     </span>
     <span class='ocr_line' id='line_1_7' title="bbox 140 1025 1151 1105; baseline -0.001 -18"><span class='ocrx_word' id='word_1_35' title='bbox 140 1031 250 1104; x_wconf 85' lang='lat' dir='ltr'>scripta</span> <span class='ocrx_word' id='word_1_36' title='bbox 269 1031 322 1102; x_wconf 82' lang='lat' dir='ltr'>est,</span> <span class='ocrx_word' id='word_1_37' title='bbox 341 1028 391 1086; x_wconf 90' lang='lat' dir='ltr'>oui</span> <span class='ocrx_word' id='word_1_38' title='bbox 410 1025 544 1086; x_wconf 77' lang='lat' dir='ltr'>Caesaris</span> <span class='ocrx_word' id='word_1_39' title='bbox 563 1027 723 1086; x_wconf 86' lang='lat' dir='ltr'>aduersum</span> <span class='ocrx_word' id='word_1_40' title='bbox 741 1027 915 1087; x_wconf 84' lang='lat' dir='ltr'>Brittannos</span> <span class='ocrx_word' id='word_1_41' title='bbox 934 1029 1151 1105; x_wconf 85' lang='lat' dir='ltr'>profectionem</span> 
     </span>
     <span class='ocr_line' id='line_1_8' title="bbox 139 1115 1151 1193; baseline -0.001 -16"><span class='ocrx_word' id='word_1_42' title='bbox 139 1117 333 1177; x_wconf 84' lang='lat' dir='ltr'>commendet.</span> <span class='ocrx_word' id='word_1_43' title='bbox 379 1115 464 1192; x_wconf 86' lang='lat' dir='ltr'>Aput</span> <span class='ocrx_word' id='word_1_44' title='bbox 486 1115 612 1174; x_wconf 81' lang='lat' dir='ltr'>Antium</span> <span class='ocrx_word' id='word_1_45' title='bbox 636 1120 737 1176; x_wconf 87' lang='lat' dir='ltr'>autem</span> <span class='ocrx_word' id='word_1_46' title='bbox 761 1120 806 1175; x_wconf 89' lang='lat' dir='ltr'>est</span> <span class='ocrx_word' id='word_1_47' title='bbox 828 1117 979 1176; x_wconf 75' lang='lat' dir='ltr'>Fortunae</span> <span class='ocrx_word' id='word_1_48' title='bbox 1002 1118 1151 1193; x_wconf 92' lang='lat' dir='ltr'>templum</span> 
     </span>
     <span class='ocr_line' id='line_1_9' title="bbox 139 1205 1152 1281; baseline 0.001 -17"><span class='ocrx_word' id='word_1_49' title='bbox 139 1207 380 1280; x_wconf 87' lang='lat' dir='ltr'>famosissimum,</span> <span class='ocrx_word' id='word_1_50' title='bbox 402 1205 567 1264; x_wconf 91' lang='lat' dir='ltr'>multorum</span> <span class='ocrx_word' id='word_1_51' title='bbox 590 1206 681 1263; x_wconf 85' lang='lat' dir='ltr'>etiam</span> <span class='ocrx_word' id='word_1_52' title='bbox 703 1207 873 1281; x_wconf 82' lang='lat' dir='ltr'>principum</span> <span class='ocrx_word' id='word_1_53' title='bbox 892 1207 977 1266; x_wconf 88' lang='lat' dir='ltr'>donis</span> <span class='ocrx_word' id='word_1_54' title='bbox 996 1210 1152 1281; x_wconf 84' lang='lat' dir='ltr'>ornatum3</span> 
     </span>
     <span class='ocr_line' id='line_1_10' title="bbox 139 1293 1154 1370; baseline 0.001 -17"><span class='ocrx_word' id='word_1_55' title='bbox 139 1295 218 1354; x_wconf 87' lang='lat' dir='ltr'>unde</span> <span class='ocrx_word' id='word_1_56' title='bbox 260 1296 351 1353; x_wconf 87' lang='lat' dir='ltr'>etiam</span> <span class='ocrx_word' id='word_1_57' title='bbox 392 1295 501 1352; x_wconf 87' lang='lat' dir='ltr'>ciuitas</span> <span class='ocrx_word' id='word_1_58' title='bbox 537 1293 688 1353; x_wconf 75' lang='lat' dir='ltr'>Fortunae</span> <span class='ocrx_word' id='word_1_59' title='bbox 724 1295 819 1370; x_wconf 90' lang='lat' dir='ltr'>ipsius</span> <span class='ocrx_word' id='word_1_60' title='bbox 855 1296 952 1353; x_wconf 86' lang='lat' dir='ltr'>tutela</span> <span class='ocrx_word' id='word_1_61' title='bbox 988 1295 1069 1354; x_wconf 86' lang='lat' dir='ltr'>dicta</span> <span class='ocrx_word' id='word_1_62' title='bbox 1106 1300 1154 1355; x_wconf 89' lang='lat' dir='ltr'>est</span> 
     </span>
     <span class='ocr_line' id='line_1_11' title="bbox 87 1376 495 1465; baseline -0.01 -22"><span class='ocrx_word' id='word_1_63' title='bbox 87 1394 121 1443; x_wconf 91' lang='lat'>10</span> <span class='ocrx_word' id='word_1_64' title='bbox 140 1376 292 1465; x_wconf 78' lang='lat' dir='ltr'>(APurV</span> <span class='ocrx_word' id='word_1_65' title='bbox 302 1400 376 1442; x_wconf 74' lang='lat' dir='ltr'>corta</span> <span class='ocrx_word' id='word_1_66' title='bbox 390 1383 495 1456; x_wconf 80' lang='lat' dir='ltr'>Porpt.</span> 
     </span>
     <span class='ocr_line' id='line_1_12' title="bbox 230 1465 1148 1549; baseline 0 -18"><span class='ocrx_word' id='word_1_67' title='bbox 230 1465 263 1532; x_wconf 77' lang='lat'>2.</span> <span class='ocrx_word' id='word_1_68' title='bbox 286 1465 455 1549; x_wconf 73' lang='lat' dir='ltr'>nannenus]</span> <span class='ocrx_word' id='word_1_69' title='bbox 479 1471 598 1546; x_wconf 88' lang='lat' dir='ltr'>Parata,</span> <span class='ocrx_word' id='word_1_70' title='bbox 616 1475 721 1547; x_wconf 87' lang='lat' dir='ltr'>potens</span> <span class='ocrx_word' id='word_1_71' title='bbox 740 1476 855 1530; x_wconf 89' lang='lat' dir='ltr'>mutare</span> <span class='ocrx_word' id='word_1_72' title='bbox 875 1475 971 1531; x_wconf 87' lang='lat' dir='ltr'>status</span> <span class='ocrx_word' id='word_1_73' title='bbox 989 1474 1148 1531; x_wconf 91' lang='lat' dir='ltr'>hominum</span> 
     </span>
     <span class='ocr_line' id='line_1_13' title="bbox 139 1552 563 1641; baseline -0.002 -21"><span class='ocrx_word' id='word_1_74' title='bbox 139 1562 189 1620; x_wconf 88' lang='lat' dir='ltr'>uel</span> <span class='ocrx_word' id='word_1_75' title='bbox 211 1560 426 1638; x_wconf 81' lang='lat' dir='ltr'><strong>rempublicam</strong></span> <span class='ocrx_word' id='word_1_76' title='bbox 451 1552 528 1641; x_wconf 85' lang='grc' dir='ltr'>(ΑΓ</span> <span class='ocrx_word' id='word_1_77' title='bbox 535 1561 563 1619; x_wconf 91' lang='lat' dir='ltr'><strong><em>V</em></strong></span> 
     </span>
     <span class='ocr_line' id='line_1_14' title="bbox 229 1642 1153 1731; baseline 0.001 -22"><span class='ocrx_word' id='word_1_78' title='bbox 229 1642 263 1709; x_wconf 82' lang='grc'>4.</span> <span class='ocrx_word' id='word_1_79' title='bbox 304 1643 459 1727; x_wconf 76' lang='lat' dir='ltr'>vuarnsn]</span> <span class='ocrx_word' id='word_1_80' title='bbox 506 1647 699 1722; x_wconf 75' lang='lat' dir='ltr'>Conuertere,</span> <span class='ocrx_word' id='word_1_81' title='bbox 730 1652 847 1708; x_wconf 84' lang='lat' dir='ltr'>mutare</span> <span class='ocrx_word' id='word_1_82' title='bbox 878 1642 927 1729; x_wconf 79' lang='lat' dir='ltr'>(cc</span> <span class='ocrx_word' id='word_1_83' title='bbox 948 1642 1083 1731; x_wconf 63' lang='lat' dir='ltr'>Pouet),</span> <span class='ocrx_word' id='word_1_84' title='bbox 1115 1654 1153 1710; x_wconf 92' lang='lat' dir='ltr'>ut</span> 
     </span>
     <span class='ocr_line' id='line_1_15' title="bbox 140 1728 601 1820; baseline -0.007 -22"><span class='ocrx_word' id='word_1_85' title='bbox 140 1731 241 1820; x_wconf 71' lang='lat' dir='ltr'>(Verq.</span> <span class='ocrx_word' id='word_1_86' title='bbox 261 1737 334 1798; x_wconf 74' lang='lat' dir='ltr'>Aeac.</span> <span class='ocrx_word' id='word_1_87' title='bbox 354 1738 397 1795; x_wconf 89' lang='lat' dir='ltr'>XI</span> <span class='ocrx_word' id='word_1_88' title='bbox 416 1740 488 1797; x_wconf 81' lang='grc'><strong>426.</strong></span> <span class='ocrx_word' id='word_1_89' title='bbox 508 1728 601 1818; x_wconf 80' lang='grc'>427);</span> 
     </span>
    </p>
   </div>
   <div class='ocr_carea' id='block_1_5' title="bbox 88 1843 972 1904">
    <p class='ocr_par' dir='ltr' id='par_1_5' title="bbox 88 1843 972 1904">
     <span class='ocr_line' id='line_1_16' title="bbox 88 1843 972 1904; baseline 0 0"><span class='ocrx_word' id='word_1_90' title='bbox 88 1855 120 1904; x_wconf 84' lang='lat'>15</span> <span class='ocrx_word' id='word_1_91' title='bbox 564 1843 676 1903; x_wconf 86' lang='lat' dir='ltr'>Multos</span> <span class='ocrx_word' id='word_1_92' title='bbox 699 1847 818 1902; x_wconf 87' lang='lat' dir='ltr'>mutata</span> <span class='ocrx_word' id='word_1_93' title='bbox 840 1847 972 1904; x_wconf 88' lang='lat' dir='ltr'>reuisens</span> 
     </span>
    </p>
   </div>
   <div class='ocr_carea' id='block_1_6' title="bbox 228 1926 1152 2016">
    <p class='ocr_par' dir='ltr' id='par_1_6' title="bbox 228 1926 1152 2016">
     <span class='ocr_line' id='line_1_17' title="bbox 228 1926 1152 2016; baseline 0.004 -26"><span class='ocrx_word' id='word_1_94' title='bbox 228 1953 229 1958; x_wconf 49' lang='lat'>¹</span> <span class='ocrx_word' id='word_1_95' title='bbox 299 1932 387 1991; x_wconf 87' lang='lat' dir='ltr'>Lusit</span> <span class='ocrx_word' id='word_1_96' title='bbox 409 1936 439 1991; x_wconf 90' lang='lat' dir='ltr'>et</span> <span class='ocrx_word' id='word_1_97' title='bbox 461 1934 493 1990; x_wconf 92' lang='lat' dir='ltr'>in</span> <span class='ocrx_word' id='word_1_98' title='bbox 516 1931 611 1992; x_wconf 86' lang='lat' dir='ltr'>solido</span> <span class='ocrx_word' id='word_1_99' title='bbox 634 1951 737 1992; x_wconf 91' lang='lat' dir='ltr'>rursus</span> <span class='ocrx_word' id='word_1_100' title='bbox 755 1933 889 1993; x_wconf 85' lang='lat' dir='ltr'>Fortuna</span> <span class='ocrx_word' id='word_1_101' title='bbox 912 1935 1025 1993; x_wconf 87' lang='lat' dir='ltr'>locauit</span> <span class='ocrx_word' id='word_1_102' title='bbox 1040 1926 1119 2016; x_wconf 79' lang='lat' dir='ltr'>(AF</span> <span class='ocrx_word' id='word_1_103' title='bbox 1126 1936 1152 1994; x_wconf 89' lang='lat' dir='ltr'><strong><em>V</em></strong></span> 
     </span>
    </p>
   </div>
   <div class='ocr_carea' id='block_1_7' title="bbox 140 2049 1152 2316">
    <p class='ocr_par' dir='ltr' id='par_1_7' title="bbox 140 2049 1152 2316">
     <span class='ocr_line' id='line_1_18' title="bbox 230 2049 869 2139; baseline 0.003 -25"><span class='ocrx_word' id='word_1_104' title='bbox 230 2049 263 2117; x_wconf 82' lang='grc'>5.</span> <span class='ocrx_word' id='word_1_105' title='bbox 301 2050 410 2135; x_wconf 74' lang='lat' dir='ltr'>aarum]</span> <span class='ocrx_word' id='word_1_106' title='bbox 451 2057 559 2134; x_wconf 83' lang='lat' dir='ltr'>Rogat,</span> <span class='ocrx_word' id='word_1_107' title='bbox 581 2058 733 2132; x_wconf 77' lang='lat' dir='ltr'>supplicat</span> <span class='ocrx_word' id='word_1_108' title='bbox 756 2050 869 2139; x_wconf 73' lang='lat' dir='ltr'>(APV</span> 
     </span>
     <span class='ocr_line' id='line_1_19' title="bbox 230 2140 1152 2224; baseline 0.003 -20"><span class='ocrx_word' id='word_1_109' title='bbox 230 2140 264 2205; x_wconf 87' lang='grc'>6.</span> <span class='ocrx_word' id='word_1_110' title='bbox 287 2163 429 2203; x_wconf 68' lang='lat' dir='ltr'>nonninus</span> <span class='ocrx_word' id='word_1_111' title='bbox 451 2140 618 2224; x_wconf 70' lang='lat' dir='ltr'>ansverus]</span> <span class='ocrx_word' id='word_1_112' title='bbox 641 2146 775 2205; x_wconf 83' lang='lat' dir='ltr'>Fortuna</span> <span class='ocrx_word' id='word_1_113' title='bbox 798 2149 876 2204; x_wconf 89' lang='lat' dir='ltr'>enim</span> <span class='ocrx_word' id='word_1_114' title='bbox 901 2151 930 2205; x_wconf 94' lang='lat' dir='ltr'>et</span> <span class='ocrx_word' id='word_1_115' title='bbox 952 2150 1076 2222; x_wconf 90' lang='lat' dir='ltr'>aequori</span> <span class='ocrx_word' id='word_1_116' title='bbox 1100 2147 1152 2207; x_wconf 87' lang='lat' dir='ltr'>do-</span> 
     </span>
     <span class='ocr_line' id='line_1_20' title="bbox 140 2228 1053 2316; baseline 0.003 -23"><span class='ocrx_word' id='word_1_117' title='bbox 140 2237 281 2308; x_wconf 83' lang='lat' dir='ltr'>minatur,</span> <span class='ocrx_word' id='word_1_118' title='bbox 303 2236 348 2292; x_wconf 84' lang='lat' dir='ltr'>ita</span> <span class='ocrx_word' id='word_1_119' title='bbox 371 2238 459 2294; x_wconf 90' lang='lat' dir='ltr'>utet</span> <span class='ocrx_word' id='word_1_120' title='bbox 482 2253 500 2292; x_wconf 86' lang='lat' dir='ltr'>a</span> <span class='ocrx_word' id='word_1_121' title='bbox 522 2234 736 2312; x_wconf 85' lang='lat' dir='ltr'>nauigantibus</span> <span class='ocrx_word' id='word_1_122' title='bbox 759 2238 917 2295; x_wconf 91' lang='lat' dir='ltr'>inuocetur</span> <span class='ocrx_word' id='word_1_123' title='bbox 940 2228 1018 2316; x_wconf 82' lang='grc' dir='ltr'>(ΑΓ</span> <span class='ocrx_word' id='word_1_124' title='bbox 1025 2237 1053 2296; x_wconf 89' lang='lat' dir='ltr'><strong><em>V</em></strong></span> 
     </span>
    </p>
   </div>
   <div class='ocr_carea' id='block_1_8' title="bbox 85 2317 1150 2493">
    <p class='ocr_par' dir='ltr' id='par_1_8' title="bbox 85 2317 1150 2493">
     <span class='ocr_line' id='line_1_21' title="bbox 85 2317 1150 2493; baseline 0 -111"><span class='ocrx_word' id='word_1_125' title='bbox 85 2333 121 2382; x_wconf 77' lang='lat'>20</span> <span class='ocrx_word' id='word_1_126' title='bbox 141 2412 171 2470; x_wconf 79' lang='grc' dir='ltr'><strong><em>Π</em></strong></span> <span class='ocrx_word' id='word_1_127' title='bbox 214 2318 414 2493; x_wconf 63' lang='lat' dir='ltr'>57.1³15rrpna</span> <span class='ocrx_word' id='word_1_128' title='bbox 436 2317 477 2402; x_wconf 77' lang='lat' dir='ltr'>n]</span> <span class='ocrx_word' id='word_1_129' title='bbox 522 2322 638 2399; x_wconf 83' lang='lat' dir='ltr'>Species</span> <span class='ocrx_word' id='word_1_130' title='bbox 661 2343 715 2398; x_wconf 92' lang='lat' dir='ltr'>pro</span> <span class='ocrx_word' id='word_1_131' title='bbox 738 2343 854 2402; x_wconf 85' lang='lat' dir='ltr'>genere,</span> <span class='ocrx_word' id='word_1_132' title='bbox 877 2328 912 2383; x_wconf 88' lang='lat' dir='ltr'>ut</span> <span class='ocrx_word' id='word_1_133' title='bbox 935 2317 1037 2405; x_wconf 70' lang='lat' dir='ltr'>(Vcry.</span> <span class='ocrx_word' id='word_1_134' title='bbox 1054 2342 1150 2400; x_wconf 75' lang='lat' dir='ltr'>ycorp.</span> 
     </span>
     <span class='ocr_line' id='line_1_22' title="bbox 190 2414 376 2471; baseline 0 -1"><span class='ocrx_word' id='word_1_135' title='bbox 190 2415 210 2470; x_wconf 88' lang='grc'>4</span> <span class='ocrx_word' id='word_1_136' title='bbox 237 2416 262 2471; x_wconf 91' lang='lat'>1.</span> <span class='ocrx_word' id='word_1_137' title='bbox 283 2414 303 2470; x_wconf 83' lang='lat'>4</span> <span class='ocrx_word' id='word_1_138' title='bbox 329 2415 346 2470; x_wconf 81' lang='lat'><strong>2</strong></span> <span class='ocrx_word' id='word_1_139' title='bbox 369 2433 376 2470; x_wconf 76' lang='grc' dir='ltr'>ι</span> 
     </span>
    </p>
   </div>
   <div class='ocr_carea' id='block_1_9' title="bbox 299 2501 852 2670">
    <p class='ocr_par' dir='ltr' id='par_1_9' title="bbox 299 2501 852 2670">
     <span class='ocr_line' id='line_1_23' title="bbox 618 2501 852 2560; baseline 0.004 -2"><span class='ocrx_word' id='word_1_140' title='bbox 618 2501 742 2559; x_wconf 85' lang='lat' dir='ltr'>Innatat</span> <span class='ocrx_word' id='word_1_141' title='bbox 765 2502 852 2560; x_wconf 87' lang='lat' dir='ltr'>alnus</span> 
     </span>
     <span class='ocr_line' id='line_1_24' title="bbox 299 2581 799 2670; baseline -0.002 -23"><span class='ocrx_word' id='word_1_142' title='bbox 299 2589 391 2649; x_wconf 84' lang='lat' dir='ltr'>Missa</span> <span class='ocrx_word' id='word_1_143' title='bbox 414 2589 496 2649; x_wconf 87' lang='lat' dir='ltr'>Pado</span> <span class='ocrx_word' id='word_1_144' title='bbox 521 2581 678 2670; x_wconf 64' lang='grc' dir='ltr'>(ΛΡΜ</span> <span class='ocrx_word' id='word_1_145' title='bbox 695 2591 799 2663; x_wconf 74' lang='lat' dir='ltr'>Porplr.</span> 
     </span>
    </p>
   </div>
   <div class='ocr_carea' id='block_1_10' title="bbox 86 2706 1150 3060">
    <p class='ocr_par' dir='ltr' id='par_1_10' title="bbox 86 2706 1150 3060">
     <span class='ocr_line' id='line_1_25' title="bbox 229 2706 1150 2794; baseline 0.003 -23"><span class='ocrx_word' id='word_1_146' title='bbox 229 2706 263 2774; x_wconf 82' lang='grc'>9.</span> <span class='ocrx_word' id='word_1_147' title='bbox 288 2714 329 2772; x_wconf 87' lang='lat' dir='ltr'>Te</span> <span class='ocrx_word' id='word_1_148' title='bbox 352 2714 451 2772; x_wconf 90' lang='lat' dir='ltr'>Dacus</span> <span class='ocrx_word' id='word_1_149' title='bbox 471 2706 545 2794; x_wconf 82' lang='lat' dir='ltr'><em>(V)]</em></span> <span class='ocrx_word' id='word_1_150' title='bbox 579 2713 656 2773; x_wconf 82' lang='lat' dir='ltr'>Gens</span> <span class='ocrx_word' id='word_1_151' title='bbox 679 2716 764 2772; x_wconf 83' lang='lat' dir='ltr'>iuxta</span> <span class='ocrx_word' id='word_1_152' title='bbox 786 2715 866 2773; x_wconf 89' lang='lat' dir='ltr'>hunc</span> <span class='ocrx_word' id='word_1_153' title='bbox 888 2715 1017 2773; x_wconf 90' lang='lat' dir='ltr'>fluuium</span> <span class='ocrx_word' id='word_1_154' title='bbox 1041 2715 1150 2793; x_wconf 87' lang='lat' dir='ltr'>degens</span> 
     </span>
     <span class='ocr_line' id='line_1_26' title="bbox 86 2795 456 2884; baseline 0.003 -24"><span class='ocrx_word' id='word_1_155' title='bbox 86 2812 121 2860; x_wconf 80' lang='lat'>25</span> <span class='ocrx_word' id='word_1_156' title='bbox 142 2821 246 2878; x_wconf 84' lang='lat' dir='ltr'>aspera</span> <span class='ocrx_word' id='word_1_157' title='bbox 269 2803 354 2861; x_wconf 86' lang='lat' dir='ltr'>bellis</span> <span class='ocrx_word' id='word_1_158' title='bbox 378 2795 421 2884; x_wconf 85' lang='grc' dir='ltr'>(Γ</span> <span class='ocrx_word' id='word_1_159' title='bbox 428 2803 456 2862; x_wconf 91' lang='lat' dir='ltr'><strong><em>V</em></strong></span> 
     </span>
     <span class='ocr_line' id='line_1_27' title="bbox 229 2885 1150 2969; baseline 0.003 -22"><span class='ocrx_word' id='word_1_160' title='bbox 229 2909 268 2948; x_wconf 80' lang='lat' dir='ltr'>rr:</span> <span class='ocrx_word' id='word_1_161' title='bbox 286 2908 420 2949; x_wconf 82' lang='lat' dir='ltr'>rnorvor</span> <span class='ocrx_word' id='word_1_162' title='bbox 439 2885 626 2969; x_wconf 73' lang='lat' dir='ltr'>s&lt;c&gt;1rnsn]</span> <span class='ocrx_word' id='word_1_163' title='bbox 649 2891 696 2948; x_wconf 84' lang='lat' dir='ltr'>Ab</span> <span class='ocrx_word' id='word_1_164' title='bbox 716 2891 785 2950; x_wconf 90' lang='lat' dir='ltr'>orbe</span> <span class='ocrx_word' id='word_1_165' title='bbox 804 2893 927 2968; x_wconf 87' lang='lat' dir='ltr'>sepositi</span> <span class='ocrx_word' id='word_1_166' title='bbox 947 2896 977 2950; x_wconf 91' lang='lat' dir='ltr'>et</span> <span class='ocrx_word' id='word_1_167' title='bbox 994 2894 1026 2950; x_wconf 93' lang='lat' dir='ltr'>in</span> <span class='ocrx_word' id='word_1_168' title='bbox 1044 2893 1150 2950; x_wconf 88' lang='lat' dir='ltr'>mundi</span> 
     </span>
     <span class='ocr_line' id='line_1_28' title="bbox 141 2971 571 3060; baseline 0.002 -22"><span class='ocrx_word' id='word_1_169' title='bbox 141 2981 251 3038; x_wconf 84' lang='lat' dir='ltr'>extimo</span> <span class='ocrx_word' id='word_1_170' title='bbox 274 2981 432 3037; x_wconf 85' lang='lat' dir='ltr'>constituti</span> <span class='ocrx_word' id='word_1_171' title='bbox 456 2971 534 3060; x_wconf 83' lang='grc' dir='ltr'>(ΑΓ</span> <span class='ocrx_word' id='word_1_172' title='bbox 543 2980 571 3039; x_wconf 90' lang='lat' dir='ltr'><strong><em>V</em></strong></span> 
     </span>
    </p>
   </div>
   <div class='ocr_carea' id='block_1_11' title="bbox 141 3058 1153 3237">
    <p class='ocr_par' dir='ltr' id='par_1_11' title="bbox 141 3058 1153 3237">
     <span class='ocr_line' id='line_1_29' title="bbox 232 3058 1153 3145; baseline 0.002 -20"><span class='ocrx_word' id='word_1_173' title='bbox 232 3058 289 3126; x_wconf 86' lang='lat'>10.</span> <span class='ocrx_word' id='word_1_174' title='bbox 325 3086 441 3126; x_wconf 73' lang='lat' dir='ltr'>nnmvu</span> <span class='ocrx_word' id='word_1_175' title='bbox 463 3061 578 3145; x_wconf 76' lang='lat' dir='ltr'>annox]</span> <span class='ocrx_word' id='word_1_176' title='bbox 623 3068 721 3144; x_wconf 88' lang='lat' dir='ltr'>Forte,</span> <span class='ocrx_word' id='word_1_177' title='bbox 744 3071 902 3144; x_wconf 86' lang='lat' dir='ltr'>inuictum,</span> <span class='ocrx_word' id='word_1_178' title='bbox 924 3070 1003 3128; x_wconf 87' lang='lat' dir='ltr'>unde</span> <span class='ocrx_word' id='word_1_179' title='bbox 1027 3074 1057 3128; x_wconf 93' lang='lat' dir='ltr'>et</span> <span class='ocrx_word' id='word_1_180' title='bbox 1079 3070 1153 3129; x_wconf 92' lang='lat' dir='ltr'>Ver·</span> 
     </span>
     <span class='ocr_line' id='line_1_30' title="bbox 141 3148 693 3237; baseline 0 -23"><span class='ocrx_word' id='word_1_181' title='bbox 141 3157 235 3234; x_wconf 82' lang='lat' dir='ltr'>gilius</span> <span class='ocrx_word' id='word_1_182' title='bbox 259 3148 595 3237; x_wconf 71' lang='lat' dir='ltr'>(Aac.V730.731):</span> <span class='ocrx_word' id='word_1_183' title='bbox 691 3158 693 3163; x_wconf 83' lang='lat'>&#39;</span> 
     </span>
    </p>
   </div>
   <div class='ocr_carea' id='block_1_12' title="bbox 80 3342 1157 3636">
    <p class='ocr_par' dir='ltr' id='par_1_12' title="bbox 230 3342 1116 3416">
     <span class='ocr_line' id='line_1_31' title="bbox 230 3342 1116 3416; baseline 0.003 -20"><span class='ocrx_word' id='word_1_184' title='bbox 230 3348 246 3396; x_wconf 74' lang='grc' dir='ltr'>ὅ</span> <span class='ocrx_word' id='word_1_185' title='bbox 261 3342 314 3396; x_wconf 87' lang='lat' dir='ltr'>ode</span> <span class='ocrx_word' id='word_1_186' title='bbox 328 3344 386 3415; x_wconf 73' lang='lat' dir='ltr'>Aa]</span> <span class='ocrx_word' id='word_1_187' title='bbox 402 3343 469 3397; x_wconf 89' lang='lat' dir='ltr'>odes</span> <span class='ocrx_word' id='word_1_188' title='bbox 482 3350 539 3398; x_wconf 82' lang='lat' dir='ltr'>cett.</span> <span class='ocrx_word' id='word_1_189' title='bbox 614 3349 629 3396; x_wconf 84' lang='lat'>6</span> <span class='ocrx_word' id='word_1_190' title='bbox 645 3344 802 3398; x_wconf 85' lang='lat' dir='ltr'>brittannos</span> <span class='ocrx_word' id='word_1_191' title='bbox 816 3345 876 3398; x_wconf 81' lang='grc' dir='ltr'>ΑΓ</span> <span class='ocrx_word' id='word_1_192' title='bbox 884 3346 922 3416; x_wconf 90' lang='lat' dir='ltr'>V]</span> <span class='ocrx_word' id='word_1_193' title='bbox 937 3345 1082 3398; x_wconf 91' lang='lat' dir='ltr'>britannos</span> <span class='ocrx_word' id='word_1_194' title='bbox 1097 3367 1116 3399; x_wconf 87' lang='grc' dir='ltr'><em>α</em></span> 
     </span>
    </p>

    <p class='ocr_par' dir='ltr' id='par_1_13' title="bbox 141 3411 1154 3486">
     <span class='ocr_line' id='line_1_32' title="bbox 141 3411 1154 3486; baseline 0.005 -22"><span class='ocrx_word' id='word_1_195' title='bbox 141 3417 246 3480; x_wconf 72' lang='lat' dir='ltr'>Vaput</span> <span class='ocrx_word' id='word_1_196' title='bbox 261 3414 303 3484; x_wconf 75' lang='lat' dir='ltr'>A)</span> <span class='ocrx_word' id='word_1_197' title='bbox 322 3420 361 3483; x_wconf 78' lang='lat' dir='ltr'>ap</span> <span class='ocrx_word' id='word_1_198' title='bbox 380 3416 407 3470; x_wconf 88' lang='lat' dir='ltr'><em>V</em></span> <span class='ocrx_word' id='word_1_199' title='bbox 422 3418 504 3484; x_wconf 83' lang='lat' dir='ltr'>apost</span> <span class='ocrx_word' id='word_1_200' title='bbox 522 3417 620 3484; x_wconf 79' lang='lat' dir='ltr'>(ortum</span> <span class='ocrx_word' id='word_1_201' title='bbox 639 3433 672 3470; x_wconf 78' lang='lat' dir='ltr'>ex</span> <span class='ocrx_word' id='word_1_202' title='bbox 691 3411 737 3486; x_wconf 76' lang='lat' dir='ltr'>ap)</span> <span class='ocrx_word' id='word_1_203' title='bbox 757 3437 775 3468; x_wconf 87' lang='grc' dir='ltr'><em>α</em></span> <span class='ocrx_word' id='word_1_204' title='bbox 795 3416 871 3485; x_wconf 85' lang='lat' dir='ltr'>apud</span> <span class='ocrx_word' id='word_1_205' title='bbox 890 3420 956 3485; x_wconf 80' lang='lat' dir='ltr'>Pop</span> <span class='ocrx_word' id='word_1_206' title='bbox 1041 3422 1073 3470; x_wconf 79' lang='lat'>15</span> <span class='ocrx_word' id='word_1_207' title='bbox 1092 3434 1154 3469; x_wconf 92' lang='lat' dir='ltr'>mu-</span> 
     </span>
    </p>

    <p class='ocr_par' dir='ltr' id='par_1_14' title="bbox 80 3482 1157 3636">
     <span class='ocr_line' id='line_1_33' title="bbox 80 3482 1157 3561; baseline 0.011 -32"><span class='ocrx_word' id='word_1_208' title='bbox 80 3482 184 3531; x_wconf 79' lang='lat' dir='ltr'>·tare</span> <span class='ocrx_word' id='word_1_209' title='bbox 204 3483 304 3537; x_wconf 61' lang='lat' dir='ltr'>nitens</span> <span class='ocrx_word' id='word_1_210' title='bbox 318 3487 350 3540; x_wconf 83' lang='lat' dir='ltr'><em>A</em></span> <span class='ocrx_word' id='word_1_211' title='bbox 425 3492 462 3542; x_wconf 78' lang='lat'>20</span> <span class='ocrx_word' id='word_1_212' title='bbox 479 3487 577 3559; x_wconf 77' lang='lat' dir='ltr'>speeie</span> <span class='ocrx_word' id='word_1_213' title='bbox 592 3489 621 3545; x_wconf 88' lang='lat' dir='ltr'><strong><em>A</em></strong></span> <span class='ocrx_word' id='word_1_214' title='bbox 695 3494 729 3545; x_wconf 71' lang='lat'>26</span> <span class='ocrx_word' id='word_1_215' title='bbox 743 3487 806 3561; x_wconf 61' lang='lat' dir='ltr'>FF}</span> <span class='ocrx_word' id='word_1_216' title='bbox 824 3491 854 3542; x_wconf 79' lang='lat' dir='ltr'>et</span> <span class='ocrx_word' id='word_1_217' title='bbox 868 3489 896 3543; x_wconf 83' lang='lat' dir='ltr'><strong>A</strong></span> <span class='ocrx_word' id='word_1_218' title='bbox 964 3493 1001 3540; x_wconf 61' lang='lat' dir='ltr'>‘tu</span> <span class='ocrx_word' id='word_1_219' title='bbox 1016 3488 1157 3541; x_wconf 77' lang='lat' dir='ltr'>inuictum</span> 
     </span>
     <span class='ocr_line' id='line_1_34' title="bbox 99 3549 1048 3636; baseline 0.011 -29"><span class='ocrx_word' id='word_1_220' title='bbox 99 3549 212 3618; x_wconf 69' lang='lat' dir='ltr'><em>As&#39;oe]</em></span> <span class='ocrx_word' id='word_1_221' title='bbox 226 3555 260 3605; x_wconf 77' lang='lat' dir='ltr'>oc</span> <span class='ocrx_word' id='word_1_222' title='bbox 280 3554 473 3616; x_wconf 74' lang='lat' dir='ltr'>victoriosum</span> <span class='ocrx_word' id='word_1_223' title='bbox 504 3563 551 3636; x_wconf 81' lang='lat' dir='ltr'>Vp</span> <span class='ocrx_word' id='word_1_224' title='bbox 569 3566 665 3621; x_wconf 71' lang='lat' dir='ltr'>sinuo</span> <span class='ocrx_word' id='word_1_225' title='bbox 739 3563 814 3633; x_wconf 58' lang='lat' dir='ltr'>uer}</span> <span class='ocrx_word' id='word_1_226' title='bbox 831 3560 874 3631; x_wconf 58' lang='lat' dir='ltr'>At</span> <span class='ocrx_word' id='word_1_227' title='bbox 887 3558 968 3626; x_wconf 60' lang='lat' dir='ltr'>ung*-</span> <span class='ocrx_word' id='word_1_228' title='bbox 987 3562 1048 3611; x_wconf 69' lang='lat' dir='ltr'>eeti-</span> 
     </span>
    </p>
   </div>
   <div class='ocr_carea' id='block_1_13' title="bbox 0 0 1250 3840">
    <p class='ocr_par' dir='ltr' id='par_1_15' title="bbox 0 0 1250 3840">
     <span class='ocr_line' id='line_1_35' title="bbox 0 0 1250 3840; baseline 0 0"><span class='ocrx_word' id='word_1_229' title='bbox 0 0 1250 3840; x_wconf 95' lang='lat' dir='ltr'> </span> 
     </span>
    </p>
   </div>
  </div>
 </body>
</html>
