2490 3840
490 173 623 229 canni
638 180 670 228 12
1043 176 1087 241 59

71 337 182 399 Curius
204 344 381 416 paupertate
404 343 501 401 clarus
524 343 560 402 de
584 361 655 421 agro
678 343 716 401 ad
739 345 925 403 consulatum
948 348 1087 404 euocatus

73 432 132 503 est,
166 430 218 504 qui
249 449 412 506 numquam
443 431 575 491 totondit
607 433 768 491 caesariem
796 437 919 509 propter
946 435 1087 493 iniuriam

71 520 241 594 praeturae.
295 517 437 578 Camillus
470 520 506 578 de
539 521 627 580 exilio
658 540 793 580 reuersus
825 524 953 582 uictores
986 521 1087 582 Gallos

71 606 147 665 urbe
173 607 291 683 pepulit
319 611 349 667 et
377 607 415 667 ad
442 609 669 669 internetionem
698 610 817 686 cecidit,
852 612 1006 687 uictorque
1034 630 1088 670 sua

72 698 181 772 sponte
202 696 235 754 in
259 696 379 755 exilium
402 697 492 757 rediit
514 688 602 777 (ΑΓ
614 715 702 772 uocp
1124 713 1140 759 t

164 793 223 862 37.
248 797 398 882 scauros]
439 803 561 863 Nobiles
584 804 748 880 Romanos,
771 806 824 880 qui
847 809 876 865 et
899 824 1033 867 censores
1057 809 1087 866 et

71 890 209 950 consules
232 891 353 951 fuerunt
371 883 556 972 (AF'eocp

164 989 224 1056 38.
265 993 489 1078 raon1c[u]vu]
537 998 777 1076 Contemptorem
818 1002 900 1060 uitae
936 993 989 1081 (Γ
999 1017 1088 1076 oocp

72 1103 110 1145 cc
131 1086 238 1160 Porph.

164 1184 223 1253 39.
248 1211 367 1252 onasus
390 1188 520 1273 mnam]
545 1193 608 1254 Aut
630 1195 815 1254 delectabilis
839 1199 892 1255 aut
915 1195 1010 1255 libens
1034 1199 1087 1254 aut
1107 1209 1140 1257 10

71 1281 204 1359 gratiam
227 1284 341 1341 meritis
365 1283 472 1342 debens
496 1275 635 1364 (AF'op
649 1301 750 1342 conae
883 1292 887 1298 '

164 1382 303 1467 cannas]
344 1388 430 1447 Musa
453 1392 506 1448 aut
527 1393 665 1465 poemate
689 1382 790 1471 (ΑΓα

163 1485 222 1555 41.
255 1492 356 1555 *Ordo
385 1499 441 1554 est:
473 1496 552 1554 hunc
580 1499 610 1555 et
633 1495 755 1555 Curium
782 1499 941 1572 incomptis
970 1497 1086 1573 capillis

73 1586 106 1646 et
130 1581 290 1642 Camillum
313 1585 419 1643 utilem
441 1584 519 1644 bello
542 1585 614 1644 tulit
637 1603 727 1645 saeua
750 1589 910 1661 paupertas
935 1591 964 1645 et
987 1587 1086 1645 auitus

71 1671 183 1731 fundus
207 1692 274 1732 cum
298 1675 369 1748 apto
392 1673 454 1731 lare
477 1666 531 1753 (Γ
540 1690 629 1748 coep
1107 1687 1139 1734 15

163 1773 366 1858 *Incomptis]
406 1779 525 1855 inpexis
550 1772 702 1859 (P'uocp

164 1877 224 1946 42.
246 1905 362 1946 vunnu
384 1880 498 1965 annno]
540 1887 581 1944 Vt
603 1885 740 1945 Lucanus
763 1878 793 1967 (Ι
813 1887 885 1946 165.
907 1881 997 1968 166):

598 2028 737 2088 Fecunda
759 2029 893 2088 uirorum

289 2115 453 2191 Paupertas
477 2109 565 2196 (ΑΓ
575 2134 589 2175 c
594 2137 617 2190 p

73 2360 90 2422 I
133 2266 224 2423 943.
270 2292 369 2335 sanun
405 2270 597 2354 ravennnae]
643 2271 781 2355 [Magna]
818 2280 852 2336 ut
888 2270 992 2359 (Vcrq.
1011 2276 1086 2336 Aca.
1105 2290 1140 2338 20

110 2366 128 2423 9
173 2384 180 2422 :

153 2355 167 2446 )
210 2470 322 2529 Saeuus
345 2472 397 2530 ubi
420 2470 568 2530 Aeacidae
591 2471 651 2530 telo
674 2473 752 2530 iacet
774 2471 886 2531 Hector
908 2463 996 2552 (ΑΓ
1004 2489 1047 2545 cp

164 2603 224 2673 44.
261 2629 370 2672 avrrve
403 2630 482 2671 Apro
516 2631 578 2671 cvm
610 2629 690 2670 nanu
722 2607 856 2692 rvnnvs]
903 2612 1086 2673 Conueniens

72 2701 184 2760 fundus
207 2701 311 2762 domus
334 2703 477 2760 tenuitati
500 2693 588 2782 (ΑΓ
602 2718 707 2760 conae

164 2798 223 2868 45.
262 2825 390 2866 cassem
422 2824 563 2866 occvnro
591 2826 691 2866 vnnvr
718 2825 821 2866 aanor
838 2802 944 2886 navo]
989 2808 1086 2868 Incre-
1105 2819 1140 2869 25

73 2899 177 2955 menta
200 2897 279 2955 enim
302 2897 454 2971 arborum,
477 2897 535 2955 nisi
557 2900 753 2973 posteaquam
777 2896 937 2972 creuerint‚
960 2915 1019 2957 non
1042 2898 1086 2956 ui·

72 2985 183 3044 dentur
206 2977 294 3066 (AV
302 3004 327 3059 p
340 3002 445 3044 conse

164 3084 223 3152 46.
242 3108 327 3149 nana
345 3085 516 3169 nisenam]
539 3091 714 3150 Marcellum
729 3088 872 3150 Octauiae
891 3092 965 3150 dicit
982 3092 1087 3168 filium,

164 3337 178 3385 1
199 3330 373 3386 consolatum
389 3332 417 3385 A
488 3336 505 3384 4
519 3330 735 3385 internetionem
748 3331 786 3401 A]
802 3330 1012 3386 internitionem
1026 3350 1088 3402 γορ

73 3399 326 3458 internecionemr
357 3400 570 3457 internicionem
588 3419 626 3455 ac
724 3402 827 3455 cecidit
845 3404 872 3456 A
989 3408 1088 3472 8pro·

74 3472 192 3542 dignum
210 3475 248 3540 A,
265 3480 334 3529 recte
351 3491 389 3542 cp
471 3479 503 3527 16
522 3472 641 3542 impexis
660 3489 720 3540 sep
792 3477 826 3525 20
845 3489 948 3542 magna
967 3475 1015 3544 cp]
1036 3490 1087 3528 om.

75 3551 133 3599 cett.
210 3551 245 3599 22
264 3561 346 3600 senus
365 3545 393 3599 A
465 3560 499 3598 ea
517 3543 580 3597 cide
597 3544 625 3598 A
