<?xml version="1.0" encoding="UTF-8"?>
<!DOCTYPE html PUBLIC "-//W3C//DTD XHTML 1.0 Transitional//EN"
    "http://www.w3.org/TR/xhtml1/DTD/xhtml1-transitional.dtd">
<html xmlns="http://www.w3.org/1999/xhtml" xml:lang="en" lang="en">
 <head>
  <title>
</title>
<meta http-equiv="Content-Type" content="text/html;charset=utf-8" />
  <meta name='ocr-system' content='tesseract 3.04.00' />
  <meta name='ocr-capabilities' content='ocr_page ocr_carea ocr_par ocr_line ocrx_word'/>
</head>
<body>
  <div class='ocr_page' id='page_1' title='image "./pseudacronissch00kellgoog/pseudacronissch00kellgoog_0014.png"; bbox 0 0 2490 3840; ppageno 0'>
   <div class='ocr_carea' id='block_1_1' title="bbox 498 217 1104 277">
    <p class='ocr_par' dir='ltr' id='par_1_1' title="bbox 498 217 1104 277">
     <span class='ocr_line' id='line_1_1' title="bbox 498 217 1104 277; baseline -0.007 0"><span class='ocrx_word' id='word_1_1' title='bbox 498 221 702 277; x_wconf 76' lang='lat' dir='ltr'>PRAEFATIO</span> <span class='ocrx_word' id='word_1_2' title='bbox 1052 217 1104 273; x_wconf 82' lang='lat' dir='ltr'><strong>VII</strong></span> 
     </span>
    </p>
   </div>
   <div class='ocr_carea' id='block_1_2' title="bbox 92 385 1104 843">
    <p class='ocr_par' dir='ltr' id='par_1_2' title="bbox 92 385 1104 733">
     <span class='ocr_line' id='line_1_2' title="bbox 93 385 1104 469; baseline -0.002 -21"><span class='ocrx_word' id='word_1_3' title='bbox 93 392 145 450; x_wconf 83' lang='lat' dir='ltr'><strong>fol.</strong></span> <span class='ocrx_word' id='word_1_4' title='bbox 164 391 228 449; x_wconf 80' lang='lat'><strong>248</strong></span> <span class='ocrx_word' id='word_1_5' title='bbox 261 392 400 469; x_wconf 80' lang='lat' dir='ltr'><strong>legimus:</strong></span> <span class='ocrx_word' id='word_1_6' title='bbox 433 385 531 449; x_wconf 69' lang='lat' dir='ltr'><strong>‘snum</strong></span> <span class='ocrx_word' id='word_1_7' title='bbox 563 408 693 450; x_wconf 77' lang='lat' dir='ltr'><strong>sonoris</strong></span> <span class='ocrx_word' id='word_1_8' title='bbox 722 407 913 449; x_wconf 74' lang='lat' dir='ltr'><strong>conuersuri</strong></span> <span class='ocrx_word' id='word_1_9' title='bbox 939 407 971 447; x_wconf 71' lang='lat' dir='ltr'><strong>ns</strong></span> <span class='ocrx_word' id='word_1_10' title='bbox 998 405 1104 448; x_wconf 78' lang='lat' dir='ltr'><strong>ommi</strong></span> 
     </span>
     <span class='ocr_line' id='line_1_3' title="bbox 94 471 1101 546; baseline -0.004 -7"><span class='ocrx_word' id='word_1_11' title='bbox 94 497 254 540; x_wconf 73' lang='lat' dir='ltr'><strong>oaaunsvu</strong></span> <span class='ocrx_word' id='word_1_12' title='bbox 280 495 390 538; x_wconf 78' lang='lat' dir='ltr'><strong>munos</strong></span> <span class='ocrx_word' id='word_1_13' title='bbox 417 497 464 538; x_wconf 88' lang='lat' dir='ltr'><strong>nn</strong></span> <span class='ocrx_word' id='word_1_14' title='bbox 491 497 675 546; x_wconf 78' lang='lat' dir='ltr'><strong>nronouovn</strong></span> <span class='ocrx_word' id='word_1_15' title='bbox 703 498 742 537; x_wconf 82' lang='lat' dir='ltr'><strong>nr</strong></span> <span class='ocrx_word' id='word_1_16' title='bbox 771 496 894 538; x_wconf 73' lang='lat' dir='ltr'><strong>oanunu</strong></span> <span class='ocrx_word' id='word_1_17' title='bbox 919 471 1101 537; x_wconf 80' lang='lat' dir='ltr'><strong>sncvnann’.</strong></span> 
     </span>
     <span class='ocr_line' id='line_1_4' title="bbox 93 568 1102 646; baseline -0.002 -17"><span class='ocrx_word' id='word_1_18' title='bbox 93 568 208 629; x_wconf 86' lang='lat' dir='ltr'><strong>Desunt</strong></span> <span class='ocrx_word' id='word_1_19' title='bbox 229 569 343 628; x_wconf 81' lang='lat' dir='ltr'><strong>scholia</strong></span> <span class='ocrx_word' id='word_1_20' title='bbox 364 569 397 627; x_wconf 88' lang='lat' dir='ltr'><strong>in</strong></span> <span class='ocrx_word' id='word_1_21' title='bbox 420 569 504 646; x_wconf 90' lang='lat' dir='ltr'><strong>epod.</strong></span> <span class='ocrx_word' id='word_1_22' title='bbox 530 571 580 644; x_wconf 83' lang='lat'><strong>17,</strong></span> <span class='ocrx_word' id='word_1_23' title='bbox 599 569 744 642; x_wconf 84' lang='lat'><strong>53—81,</strong></span> <span class='ocrx_word' id='word_1_24' title='bbox 770 586 932 642; x_wconf 78' lang='lat' dir='ltr'><strong>semones,</strong></span> <span class='ocrx_word' id='word_1_25' title='bbox 959 568 1102 644; x_wconf 72' lang='lat' dir='ltr'><strong>epistulas</strong></span> 
     </span>
     <span class='ocr_line' id='line_1_5' title="bbox 92 658 424 733; baseline -0.003 -18"><span class='ocrx_word' id='word_1_26' title='bbox 92 658 244 733; x_wconf 76' lang='lat' dir='ltr'><strong>artemque</strong></span> <span class='ocrx_word' id='word_1_27' title='bbox 267 659 424 733; x_wconf 84' lang='lat' dir='ltr'><strong>poetieam.</strong></span> 
     </span>
    </p>

    <p class='ocr_par' dir='ltr' id='par_1_3' title="bbox 179 761 1101 843">
     <span class='ocr_line' id='line_1_6' title="bbox 179 761 1101 843; baseline 0 -21"><span class='ocrx_word' id='word_1_28' title='bbox 179 763 297 823; x_wconf 78' lang='lat' dir='ltr'><strong>Tertius</strong></span> <span class='ocrx_word' id='word_1_29' title='bbox 329 764 417 824; x_wconf 83' lang='lat' dir='ltr'><strong>huius</strong></span> <span class='ocrx_word' id='word_1_30' title='bbox 450 765 566 843; x_wconf 80' lang='lat' dir='ltr'><strong>generis</strong></span> <span class='ocrx_word' id='word_1_31' title='bbox 597 763 688 823; x_wconf 84' lang='lat' dir='ltr'><strong>oodex</strong></span> <span class='ocrx_word' id='word_1_32' title='bbox 720 765 765 824; x_wconf 86' lang='lat' dir='ltr'><strong>est</strong></span> <span class='ocrx_word' id='word_1_33' title='bbox 793 762 946 823; x_wconf 69' lang='lat' dir='ltr'><strong>Panium</strong></span> <span class='ocrx_word' id='word_1_34' title='bbox 973 761 1101 823; x_wconf 83' lang='lat' dir='ltr'><strong>Pseuda-</strong></span> 
     </span>
    </p>
   </div>
   <div class='ocr_carea' id='block_1_3' title="bbox 89 867 1103 1922">
    <p class='ocr_par' dir='ltr' id='par_1_4' title="bbox 89 867 1103 1922">
     <span class='ocr_line' id='line_1_7' title="bbox 92 867 1102 945; baseline -0.001 -16"><span class='ocrx_word' id='word_1_35' title='bbox 92 871 249 929; x_wconf 84' lang='lat' dir='ltr'><strong>eronianus</strong></span> <span class='ocrx_word' id='word_1_36' title='bbox 267 870 284 941; x_wconf 78' lang='grc' dir='ltr'><strong><em>ζ</em></strong></span> <span class='ocrx_word' id='word_1_37' title='bbox 301 894 343 917; x_wconf 91' lang='lat'><em>=</em></span> <span class='ocrx_word' id='word_1_38' title='bbox 358 868 484 930; x_wconf 81' lang='lat' dir='ltr'><strong>Latinus</strong></span> <span class='ocrx_word' id='word_1_39' title='bbox 504 870 599 945; x_wconf 77' lang='lat'><strong>7985,</strong></span> <span class='ocrx_word' id='word_1_40' title='bbox 618 870 799 943; x_wconf 65' lang='lat' dir='ltr'><strong>thadaaeus,</strong></span> <span class='ocrx_word' id='word_1_41' title='bbox 818 870 929 930; x_wconf 87' lang='lat' dir='ltr'><strong>saeeuli</strong></span> <span class='ocrx_word' id='word_1_42' title='bbox 942 867 1006 944; x_wconf 89' lang='lat' dir='ltr'><strong>XV,</strong></span> <span class='ocrx_word' id='word_1_43' title='bbox 1029 869 1102 928; x_wconf 86' lang='lat' dir='ltr'><strong>olim</strong></span> 
     </span>
     <span class='ocr_line' id='line_1_8' title="bbox 91 952 1101 1018; baseline 0 -1"><span class='ocrx_word' id='word_1_44' title='bbox 91 958 308 1018; x_wconf 83' lang='lat' dir='ltr'><strong>Mentollianus.</strong></span> <span class='ocrx_word' id='word_1_45' title='bbox 359 957 557 1018; x_wconf 75' lang='lat' dir='ltr'><strong>Continentur</strong></span> <span class='ocrx_word' id='word_1_46' title='bbox 583 959 639 1018; x_wconf 87' lang='lat' dir='ltr'><strong>hoo</strong></span> <span class='ocrx_word' id='word_1_47' title='bbox 666 958 742 1018; x_wconf 88' lang='lat' dir='ltr'><strong>libro</strong></span> <span class='ocrx_word' id='word_1_48' title='bbox 771 952 927 1018; x_wconf 77' lang='lat' dir='ltr'><strong>‘Aeronis&#39;</strong></span> <span class='ocrx_word' id='word_1_49' title='bbox 955 974 1101 1017; x_wconf 88' lang='lat' dir='ltr'><strong>oommen·</strong></span> 
     </span>
     <span class='ocr_line' id='line_1_9' title="bbox 91 1046 1103 1124; baseline 0 -18"><span class='ocrx_word' id='word_1_50' title='bbox 91 1048 164 1106; x_wconf 84' lang='lat' dir='ltr'><strong>tarii</strong></span> <span class='ocrx_word' id='word_1_51' title='bbox 193 1049 226 1106; x_wconf 88' lang='lat' dir='ltr'><strong>in</strong></span> <span class='ocrx_word' id='word_1_52' title='bbox 257 1048 403 1121; x_wconf 80' lang='lat' dir='ltr'><strong>semina,</strong></span> <span class='ocrx_word' id='word_1_53' title='bbox 439 1048 549 1106; x_wconf 86' lang='lat' dir='ltr'><strong>librum</strong></span> <span class='ocrx_word' id='word_1_54' title='bbox 580 1046 709 1124; x_wconf 83' lang='lat' dir='ltr'><strong>epodon,</strong></span> <span class='ocrx_word' id='word_1_55' title='bbox 740 1066 859 1106; x_wconf 83' lang='lat' dir='ltr'><strong>carmen</strong></span> <span class='ocrx_word' id='word_1_56' title='bbox 890 1047 1040 1106; x_wconf 83' lang='lat' dir='ltr'><strong>saeculare</strong></span> <span class='ocrx_word' id='word_1_57' title='bbox 1071 1049 1103 1106; x_wconf 86' lang='lat' dir='ltr'><strong>ot</strong></span> 
     </span>
     <span class='ocr_line' id='line_1_10' title="bbox 94 1131 1102 1213; baseline 0 -19"><span class='ocrx_word' id='word_1_58' title='bbox 94 1131 252 1213; x_wconf 76' lang='lat' dir='ltr'><strong>‘anonymi</strong></span> <span class='ocrx_word' id='word_1_59' title='bbox 269 1131 432 1212; x_wconf 84' lang='lat' dir='ltr'><strong>expositio’</strong></span> <span class='ocrx_word' id='word_1_60' title='bbox 446 1138 479 1195; x_wconf 86' lang='lat' dir='ltr'><strong>in</strong></span> <span class='ocrx_word' id='word_1_61' title='bbox 492 1136 602 1196; x_wconf 86' lang='lat' dir='ltr'><strong>Horati</strong></span> <span class='ocrx_word' id='word_1_62' title='bbox 619 1139 715 1196; x_wconf 89' lang='lat' dir='ltr'><strong>artem</strong></span> <span class='ocrx_word' id='word_1_63' title='bbox 728 1138 876 1212; x_wconf 87' lang='lat' dir='ltr'><strong>poetieam</strong></span> <span class='ocrx_word' id='word_1_64' title='bbox 890 1138 921 1195; x_wconf 87' lang='lat' dir='ltr'><strong>et</strong></span> <span class='ocrx_word' id='word_1_65' title='bbox 934 1153 1102 1195; x_wconf 76' lang='lat' dir='ltr'><strong>sermonum</strong></span> 
     </span>
     <span class='ocr_line' id='line_1_11' title="bbox 90 1222 1103 1301; baseline 0.001 -18"><span class='ocrx_word' id='word_1_66' title='bbox 90 1224 184 1285; x_wconf 86' lang='lat' dir='ltr'><strong>libros</strong></span> <span class='ocrx_word' id='word_1_67' title='bbox 214 1242 307 1300; x_wconf 89' lang='lat' dir='ltr'><strong>usque</strong></span> <span class='ocrx_word' id='word_1_68' title='bbox 339 1222 555 1298; x_wconf 76' lang='lat' dir='ltr'><strong>ads.17,4.</strong></span> <span class='ocrx_word' id='word_1_69' title='bbox 600 1225 636 1283; x_wconf 83' lang='lat' dir='ltr'><strong>lu</strong></span> <span class='ocrx_word' id='word_1_70' title='bbox 668 1225 848 1285; x_wconf 81' lang='lat' dir='ltr'><strong>carminibus</strong></span> <span class='ocrx_word' id='word_1_71' title='bbox 880 1227 911 1284; x_wconf 90' lang='lat' dir='ltr'><strong>et</strong></span> <span class='ocrx_word' id='word_1_72' title='bbox 942 1225 1044 1301; x_wconf 88' lang='lat' dir='ltr'><strong>epodis</strong></span> <span class='ocrx_word' id='word_1_73' title='bbox 1071 1227 1103 1284; x_wconf 88' lang='lat' dir='ltr'><strong>ot</strong></span> 
     </span>
     <span class='ocr_line' id='line_1_12' title="bbox 91 1312 1101 1390; baseline 0 -18"><span class='ocrx_word' id='word_1_74' title='bbox 91 1315 222 1372; x_wconf 79' lang='lat' dir='ltr'><strong>earmina</strong></span> <span class='ocrx_word' id='word_1_75' title='bbox 249 1315 395 1373; x_wconf 75' lang='lat' dir='ltr'><strong>saeculari</strong></span> <span class='ocrx_word' id='word_1_76' title='bbox 420 1314 499 1373; x_wconf 87' lang='lat' dir='ltr'><strong>hune</strong></span> <span class='ocrx_word' id='word_1_77' title='bbox 526 1314 670 1388; x_wconf 86' lang='lat' dir='ltr'><strong>eodioem,</strong></span> <span class='ocrx_word' id='word_1_78' title='bbox 698 1316 770 1390; x_wconf 91' lang='lat' dir='ltr'><strong>quia</strong></span> <span class='ocrx_word' id='word_1_79' title='bbox 796 1312 914 1388; x_wconf 77' lang='lat' dir='ltr'><strong>librop</strong></span> <span class='ocrx_word' id='word_1_80' title='bbox 941 1314 1101 1373; x_wconf 75' lang='lat' dir='ltr'><strong>admodum</strong></span> 
     </span>
     <span class='ocr_line' id='line_1_13' title="bbox 91 1402 1102 1478; baseline 0.001 -18"><span class='ocrx_word' id='word_1_81' title='bbox 91 1403 253 1462; x_wconf 83' lang='lat' dir='ltr'><strong>uetustiore</strong></span> <span class='ocrx_word' id='word_1_82' title='bbox 272 1405 317 1460; x_wconf 91' lang='lat' dir='ltr'><strong>uti</strong></span> <span class='ocrx_word' id='word_1_83' title='bbox 334 1403 429 1478; x_wconf 82' lang='lat' dir='ltr'><strong>licuit,</strong></span> <span class='ocrx_word' id='word_1_84' title='bbox 448 1422 508 1462; x_wconf 93' lang='lat' dir='ltr'><strong>non</strong></span> <span class='ocrx_word' id='word_1_85' title='bbox 526 1402 724 1478; x_wconf 84' lang='lat' dir='ltr'><strong>adhibuimus,</strong></span> <span class='ocrx_word' id='word_1_86' title='bbox 742 1405 774 1462; x_wconf 90' lang='lat' dir='ltr'><strong>in</strong></span> <span class='ocrx_word' id='word_1_87' title='bbox 790 1403 917 1462; x_wconf 87' lang='lat' dir='ltr'><strong>seeundo</strong></span> <span class='ocrx_word' id='word_1_88' title='bbox 932 1421 1002 1462; x_wconf 88' lang='lat' dir='ltr'><strong>uero</strong></span> <span class='ocrx_word' id='word_1_89' title='bbox 1017 1403 1102 1462; x_wconf 88' lang='lat' dir='ltr'><strong>uolu-</strong></span> 
     </span>
     <span class='ocr_line' id='line_1_14' title="bbox 90 1484 1101 1571; baseline 0 -21"><span class='ocrx_word' id='word_1_90' title='bbox 90 1493 171 1550; x_wconf 87' lang='lat' dir='ltr'><strong>mine</strong></span> <span class='ocrx_word' id='word_1_91' title='bbox 196 1492 323 1550; x_wconf 84' lang='lat' dir='ltr'><strong>altoram</strong></span> <span class='ocrx_word' id='word_1_92' title='bbox 349 1492 479 1568; x_wconf 88' lang='lat' dir='ltr'><strong>partem,</strong></span> <span class='ocrx_word' id='word_1_93' title='bbox 509 1510 585 1567; x_wconf 89' lang='lat' dir='ltr'><strong>quae</strong></span> <span class='ocrx_word' id='word_1_94' title='bbox 612 1494 644 1551; x_wconf 91' lang='lat' dir='ltr'><strong>in</strong></span> <span class='ocrx_word' id='word_1_95' title='bbox 671 1493 808 1571; x_wconf 82' lang='lat' dir='ltr'><strong>eatalogo</strong></span> <span class='ocrx_word' id='word_1_96' title='bbox 832 1484 991 1568; x_wconf 74' lang='lat' dir='ltr'><strong>‘anonymi</strong></span> <span class='ocrx_word' id='word_1_97' title='bbox 1014 1510 1101 1568; x_wconf 87' lang='lat' dir='ltr'><strong>expo-</strong></span> 
     </span>
     <span class='ocr_line' id='line_1_15' title="bbox 91 1575 1101 1657; baseline 0.002 -19"><span class='ocrx_word' id='word_1_98' title='bbox 91 1575 176 1639; x_wconf 88' lang='lat' dir='ltr'><strong>sitio&#39;</strong></span> <span class='ocrx_word' id='word_1_99' title='bbox 191 1581 372 1654; x_wconf 85' lang='lat' dir='ltr'><strong>nominatur,</strong></span> <span class='ocrx_word' id='word_1_100' title='bbox 391 1578 473 1639; x_wconf 90' lang='lat' dir='ltr'><strong>haud</strong></span> <span class='ocrx_word' id='word_1_101' title='bbox 491 1582 612 1639; x_wconf 89' lang='lat' dir='ltr'><strong>omnino</strong></span> <span class='ocrx_word' id='word_1_102' title='bbox 630 1580 826 1657; x_wconf 82' lang='lat' dir='ltr'><strong>spernendam</strong></span> <span class='ocrx_word' id='word_1_103' title='bbox 844 1598 906 1640; x_wconf 88' lang='lat' dir='ltr'><strong>esse</strong></span> <span class='ocrx_word' id='word_1_104' title='bbox 919 1582 1101 1656; x_wconf 88' lang='lat' dir='ltr'><strong>putauimus‚</strong></span> 
     </span>
     <span class='ocr_line' id='line_1_16' title="bbox 90 1668 1101 1746; baseline 0.001 -19"><span class='ocrx_word' id='word_1_105' title='bbox 90 1669 142 1728; x_wconf 86' lang='lat' dir='ltr'><strong>sed</strong></span> <span class='ocrx_word' id='word_1_106' title='bbox 164 1668 342 1744; x_wconf 80' lang='lat' dir='ltr'><strong>ubicumque</strong></span> <span class='ocrx_word' id='word_1_107' title='bbox 364 1671 419 1728; x_wconf 91' lang='lat' dir='ltr'><strong>aut</strong></span> <span class='ocrx_word' id='word_1_108' title='bbox 435 1671 468 1727; x_wconf 90' lang='lat' dir='ltr'><strong>in</strong></span> <span class='ocrx_word' id='word_1_109' title='bbox 486 1686 501 1728; x_wconf 85' lang='lat' dir='ltr'><strong>e</strong></span> <span class='ocrx_word' id='word_1_110' title='bbox 518 1671 572 1728; x_wconf 87' lang='lat' dir='ltr'><strong>aut</strong></span> <span class='ocrx_word' id='word_1_111' title='bbox 589 1671 622 1728; x_wconf 90' lang='lat' dir='ltr'><strong>in</strong></span> <span class='ocrx_word' id='word_1_112' title='bbox 640 1670 778 1741; x_wconf 59' lang='lat' dir='ltr'><strong>(melior</strong></span> <span class='ocrx_word' id='word_1_113' title='bbox 796 1671 885 1728; x_wconf 89' lang='lat' dir='ltr'><strong>leotio</strong></span> <span class='ocrx_word' id='word_1_114' title='bbox 903 1670 1101 1746; x_wconf 85' lang='lat' dir='ltr'><strong>deprehende·</strong></span> 
     </span>
     <span class='ocr_line' id='line_1_17' title="bbox 89 1757 1101 1834; baseline 0.003 -18"><span class='ocrx_word' id='word_1_115' title='bbox 89 1757 191 1832; x_wconf 88' lang='lat' dir='ltr'><strong>batur,</strong></span> <span class='ocrx_word' id='word_1_116' title='bbox 219 1776 285 1816; x_wconf 89' lang='lat' dir='ltr'><strong>eam</strong></span> <span class='ocrx_word' id='word_1_117' title='bbox 311 1757 407 1817; x_wconf 85' lang='lat' dir='ltr'><strong>solam</strong></span> <span class='ocrx_word' id='word_1_118' title='bbox 433 1759 578 1834; x_wconf 89' lang='lat' dir='ltr'><strong>respioere</strong></span> <span class='ocrx_word' id='word_1_119' title='bbox 606 1759 712 1819; x_wconf 89' lang='lat' dir='ltr'><strong>solitus</strong></span> <span class='ocrx_word' id='word_1_120' title='bbox 739 1778 817 1833; x_wconf 89' lang='lat' dir='ltr'><strong>sum,</strong></span> <span class='ocrx_word' id='word_1_121' title='bbox 845 1759 969 1818; x_wconf 86' lang='lat' dir='ltr'><strong>alterius</strong></span> <span class='ocrx_word' id='word_1_122' title='bbox 992 1759 1101 1819; x_wconf 85' lang='lat' dir='ltr'><strong>eodieis</strong></span> 
     </span>
     <span class='ocr_line' id='line_1_18' title="bbox 92 1845 982 1922; baseline 0.002 -18"><span class='ocrx_word' id='word_1_123' title='bbox 92 1865 175 1905; x_wconf 90' lang='lat' dir='ltr'><strong>mera</strong></span> <span class='ocrx_word' id='word_1_124' title='bbox 196 1845 303 1905; x_wconf 87' lang='lat' dir='ltr'><strong>menda</strong></span> <span class='ocrx_word' id='word_1_125' title='bbox 326 1847 409 1922; x_wconf 92' lang='lat' dir='ltr'><strong>prelo</strong></span> <span class='ocrx_word' id='word_1_126' title='bbox 432 1846 574 1906; x_wconf 89' lang='lat' dir='ltr'><strong>mandare</strong></span> <span class='ocrx_word' id='word_1_127' title='bbox 596 1849 629 1906; x_wconf 91' lang='lat' dir='ltr'><strong>in</strong></span> <span class='ocrx_word' id='word_1_128' title='bbox 651 1866 714 1906; x_wconf 89' lang='lat' dir='ltr'><strong>rem</strong></span> <span class='ocrx_word' id='word_1_129' title='bbox 736 1866 796 1906; x_wconf 90' lang='lat' dir='ltr'><strong>non</strong></span> <span class='ocrx_word' id='word_1_130' title='bbox 819 1867 881 1908; x_wconf 89' lang='lat' dir='ltr'><strong>esse</strong></span> <span class='ocrx_word' id='word_1_131' title='bbox 904 1848 982 1907; x_wconf 84' lang='lat' dir='ltr'><strong>duxi</strong></span> 
     </span>
    </p>
   </div>
   <div class='ocr_carea' id='block_1_4' title="bbox 86 1952 1102 3362">
    <p class='ocr_par' dir='ltr' id='par_1_5' title="bbox 86 1952 1102 2741">
     <span class='ocr_line' id='line_1_19' title="bbox 177 1952 1101 2029; baseline 0.003 -19"><span class='ocrx_word' id='word_1_132' title='bbox 177 1952 240 2012; x_wconf 89' lang='lat' dir='ltr'><strong>Hos</strong></span> <span class='ocrx_word' id='word_1_133' title='bbox 272 1953 387 2013; x_wconf 85' lang='lat' dir='ltr'><strong>eodioes</strong></span> <span class='ocrx_word' id='word_1_134' title='bbox 419 1955 518 2012; x_wconf 87' lang='lat' dir='ltr'><strong>aetate</strong></span> <span class='ocrx_word' id='word_1_135' title='bbox 545 1971 579 2013; x_wconf 87' lang='lat' dir='ltr'><strong>ao</strong></span> <span class='ocrx_word' id='word_1_136' title='bbox 606 1954 742 2013; x_wconf 85' lang='lat' dir='ltr'><strong>bonitate</strong></span> <span class='ocrx_word' id='word_1_137' title='bbox 768 1955 937 2029; x_wconf 83' lang='lat' dir='ltr'><strong>inferiores,</strong></span> <span class='ocrx_word' id='word_1_138' title='bbox 968 1955 1021 2013; x_wconf 87' lang='lat' dir='ltr'><strong>nbi</strong></span> <span class='ocrx_word' id='word_1_139' title='bbox 1048 1956 1101 2013; x_wconf 89' lang='lat' dir='ltr'><strong>aut</strong></span> 
     </span>
     <span class='ocr_line' id='line_1_20' title="bbox 87 2039 1102 2120; baseline 0.003 -21"><span class='ocrx_word' id='word_1_140' title='bbox 87 2039 120 2099; x_wconf 76' lang='lat' dir='ltr'><em>A</em></span> <span class='ocrx_word' id='word_1_141' title='bbox 146 2043 178 2100; x_wconf 86' lang='lat' dir='ltr'><strong>ot</strong></span> <span class='ocrx_word' id='word_1_142' title='bbox 204 2042 232 2099; x_wconf 89' lang='lat' dir='ltr'><strong><em>V</em></strong></span> <span class='ocrx_word' id='word_1_143' title='bbox 259 2043 319 2118; x_wconf 89' lang='lat' dir='ltr'><strong>ipsi</strong></span> <span class='ocrx_word' id='word_1_144' title='bbox 349 2043 423 2102; x_wconf 86' lang='lat' dir='ltr'><strong>satis</strong></span> <span class='ocrx_word' id='word_1_145' title='bbox 455 2042 584 2102; x_wconf 86' lang='lat' dir='ltr'><strong>solidum</strong></span> <span class='ocrx_word' id='word_1_146' title='bbox 614 2043 841 2107; x_wconf 71' lang='lat' dir='ltr'><strong>tundamentum</strong></span> <span class='ocrx_word' id='word_1_147' title='bbox 872 2042 1016 2120; x_wconf 83' lang='lat' dir='ltr'><strong>praebent</strong></span> <span class='ocrx_word' id='word_1_148' title='bbox 1047 2045 1102 2102; x_wconf 92' lang='lat' dir='ltr'><strong>aut</strong></span> 
     </span>
     <span class='ocr_line' id='line_1_21' title="bbox 88 2130 1100 2209; baseline 0 -19"><span class='ocrx_word' id='word_1_149' title='bbox 88 2130 255 2208; x_wconf 81' lang='lat' dir='ltr'><strong>singulares</strong></span> <span class='ocrx_word' id='word_1_150' title='bbox 278 2148 380 2189; x_wconf 87' lang='lat' dir='ltr'><strong>eorum</strong></span> <span class='ocrx_word' id='word_1_151' title='bbox 403 2132 546 2191; x_wconf 81' lang='lat' dir='ltr'><strong>lectiones</strong></span> <span class='ocrx_word' id='word_1_152' title='bbox 565 2132 614 2190; x_wconf 90' lang='lat' dir='ltr'><strong>uel</strong></span> <span class='ocrx_word' id='word_1_153' title='bbox 631 2133 894 2209; x_wconf 82' lang='lat' dir='ltr'><strong>interpolationem</strong></span> <span class='ocrx_word' id='word_1_154' title='bbox 912 2134 1034 2208; x_wconf 89' lang='lat' dir='ltr'><strong>sapiunt</strong></span> <span class='ocrx_word' id='word_1_155' title='bbox 1051 2132 1100 2191; x_wconf 90' lang='lat' dir='ltr'><strong>uel</strong></span> 
     </span>
     <span class='ocr_line' id='line_1_22' title="bbox 87 2221 1099 2298; baseline 0 -20"><span class='ocrx_word' id='word_1_156' title='bbox 87 2238 205 2278; x_wconf 89' lang='lat' dir='ltr'><strong>merum</strong></span> <span class='ocrx_word' id='word_1_157' title='bbox 226 2237 366 2293; x_wconf 84' lang='lat' dir='ltr'><strong>errorem,</strong></span> <span class='ocrx_word' id='word_1_158' title='bbox 387 2221 420 2279; x_wconf 88' lang='lat' dir='ltr'><strong>in</strong></span> <span class='ocrx_word' id='word_1_159' title='bbox 442 2222 622 2296; x_wconf 85' lang='lat' dir='ltr'><strong>apparatum</strong></span> <span class='ocrx_word' id='word_1_160' title='bbox 639 2221 824 2298; x_wconf 86' lang='lat' dir='ltr'><strong>reeipiendos</strong></span> <span class='ocrx_word' id='word_1_161' title='bbox 842 2240 903 2280; x_wconf 90' lang='lat' dir='ltr'><strong>non</strong></span> <span class='ocrx_word' id='word_1_162' title='bbox 921 2223 1099 2280; x_wconf 87' lang='lat' dir='ltr'><strong>ourauimus.</strong></span> 
     </span>
     <span class='ocr_line' id='line_1_23' title="bbox 86 2306 1100 2387; baseline 0.003 -21"><span class='ocrx_word' id='word_1_163' title='bbox 86 2306 148 2367; x_wconf 87' lang='lat' dir='ltr'><strong>Hie</strong></span> <span class='ocrx_word' id='word_1_164' title='bbox 169 2309 231 2367; x_wconf 86' lang='lat' dir='ltr'><strong>illio</strong></span> <span class='ocrx_word' id='word_1_165' title='bbox 254 2310 356 2367; x_wconf 87' lang='lat' dir='ltr'><strong>autem</strong></span> <span class='ocrx_word' id='word_1_166' title='bbox 378 2311 600 2369; x_wconf 77' lang='lat' dir='ltr'><strong>oomemauisss</strong></span> <span class='ocrx_word' id='word_1_167' title='bbox 622 2310 763 2370; x_wconf 80' lang='lat' dir='ltr'><strong>uidentur</strong></span> <span class='ocrx_word' id='word_1_168' title='bbox 785 2311 901 2386; x_wconf 88' lang='lat' dir='ltr'><strong>aliquid</strong></span> <span class='ocrx_word' id='word_1_169' title='bbox 918 2312 992 2384; x_wconf 85' lang='lat' dir='ltr'><strong>ueri,</strong></span> <span class='ocrx_word' id='word_1_170' title='bbox 1014 2328 1100 2387; x_wconf 88' lang='lat' dir='ltr'><strong>prae-</strong></span> 
     </span>
     <span class='ocr_line' id='line_1_24' title="bbox 87 2397 1101 2475; baseline 0.001 -18"><span class='ocrx_word' id='word_1_171' title='bbox 87 2398 193 2457; x_wconf 81' lang='lat' dir='ltr'><strong>sertim</strong></span> <span class='ocrx_word' id='word_1_172' title='bbox 223 2398 255 2455; x_wconf 87' lang='lat' dir='ltr'><strong>in</strong></span> <span class='ocrx_word' id='word_1_173' title='bbox 281 2397 370 2456; x_wconf 85' lang='lat' dir='ltr'><strong>rebus</strong></span> <span class='ocrx_word' id='word_1_174' title='bbox 396 2398 647 2475; x_wconf 64' lang='lat' dir='ltr'><strong>orthographiam:</strong></span> <span class='ocrx_word' id='word_1_175' title='bbox 680 2401 811 2458; x_wconf 87' lang='lat' dir='ltr'><strong>osterum</strong></span> <span class='ocrx_word' id='word_1_176' title='bbox 837 2400 893 2458; x_wconf 84' lang='lat' dir='ltr'><strong>hau</strong></span> <span class='ocrx_word' id='word_1_177' title='bbox 920 2400 1040 2474; x_wconf 88' lang='lat' dir='ltr'><strong>quidem</strong></span> <span class='ocrx_word' id='word_1_178' title='bbox 1067 2401 1101 2458; x_wconf 92' lang='lat' dir='ltr'><strong>in</strong></span> 
     </span>
     <span class='ocr_line' id='line_1_25' title="bbox 87 2487 1101 2563; baseline 0.003 -18"><span class='ocrx_word' id='word_1_179' title='bbox 87 2506 121 2545; x_wconf 86' lang='lat' dir='ltr'><strong>re</strong></span> <span class='ocrx_word' id='word_1_180' title='bbox 156 2487 254 2561; x_wconf 88' lang='lat' dir='ltr'><strong>ipsum</strong></span> <span class='ocrx_word' id='word_1_181' title='bbox 290 2487 446 2563; x_wconf 79' lang='lat' dir='ltr'><strong>arehetypi</strong></span> <span class='ocrx_word' id='word_1_182' title='bbox 481 2488 656 2562; x_wconf 83' lang='lat' dir='ltr'><strong>seriptorem</strong></span> <span class='ocrx_word' id='word_1_183' title='bbox 687 2489 810 2548; x_wconf 89' lang='lat' dir='ltr'><strong>minime</strong></span> <span class='ocrx_word' id='word_1_184' title='bbox 841 2488 899 2548; x_wconf 87' lang='lat' dir='ltr'><strong>sibi</strong></span> <span class='ocrx_word' id='word_1_185' title='bbox 930 2489 1101 2548; x_wconf 81' lang='lat' dir='ltr'><strong>constitisse</strong></span> 
     </span>
     <span class='ocr_line' id='line_1_26' title="bbox 87 2575 1101 2651; baseline 0.004 -17"><span class='ocrx_word' id='word_1_186' title='bbox 87 2575 192 2634; x_wconf 88' lang='lat' dir='ltr'><strong>multis</strong></span> <span class='ocrx_word' id='word_1_187' title='bbox 213 2576 286 2635; x_wconf 85' lang='lat' dir='ltr'><strong>loeis</strong></span> <span class='ocrx_word' id='word_1_188' title='bbox 310 2578 444 2651; x_wconf 85' lang='lat' dir='ltr'><strong>apparet,</strong></span> <span class='ocrx_word' id='word_1_189' title='bbox 466 2594 591 2651; x_wconf 89' lang='lat' dir='ltr'><strong>eamque</strong></span> <span class='ocrx_word' id='word_1_190' title='bbox 613 2575 650 2635; x_wconf 94' lang='lat' dir='ltr'><strong>ob</strong></span> <span class='ocrx_word' id='word_1_191' title='bbox 674 2595 794 2636; x_wconf 67' lang='lat' dir='ltr'><strong>oaumm</strong></span> <span class='ocrx_word' id='word_1_192' title='bbox 815 2578 848 2635; x_wconf 93' lang='lat' dir='ltr'><strong>in</strong></span> <span class='ocrx_word' id='word_1_193' title='bbox 866 2578 922 2635; x_wconf 89' lang='lat' dir='ltr'><strong>hao</strong></span> <span class='ocrx_word' id='word_1_194' title='bbox 940 2597 972 2636; x_wconf 91' lang='lat' dir='ltr'><strong>re</strong></span> <span class='ocrx_word' id='word_1_195' title='bbox 990 2596 1027 2636; x_wconf 94' lang='lat' dir='ltr'><strong>ne</strong></span> <span class='ocrx_word' id='word_1_196' title='bbox 1045 2597 1101 2638; x_wconf 86' lang='lat' dir='ltr'><strong>nos</strong></span> 
     </span>
     <span class='ocr_line' id='line_1_27' title="bbox 89 2664 1046 2741; baseline 0 -19"><span class='ocrx_word' id='word_1_197' title='bbox 89 2664 209 2739; x_wconf 89' lang='lat' dir='ltr'><strong>quidem</strong></span> <span class='ocrx_word' id='word_1_198' title='bbox 231 2665 451 2722; x_wconf 81' lang='lat' dir='ltr'><strong>inconstantiae</strong></span> <span class='ocrx_word' id='word_1_199' title='bbox 473 2665 585 2723; x_wconf 79' lang='lat' dir='ltr'><strong>crimen</strong></span> <span class='ocrx_word' id='word_1_200' title='bbox 607 2683 727 2741; x_wconf 88' lang='lat' dir='ltr'><strong>prorsus</strong></span> <span class='ocrx_word' id='word_1_201' title='bbox 749 2667 902 2741; x_wconf 87' lang='lat' dir='ltr'><strong>potuimus</strong></span> <span class='ocrx_word' id='word_1_202' title='bbox 925 2667 1046 2725; x_wconf 74' lang='lat' dir='ltr'><strong>emtore.</strong></span> 
     </span>
    </p>

    <p class='ocr_par' dir='ltr' id='par_1_6' title="bbox 87 2751 1100 3362">
     <span class='ocr_line' id='line_1_28' title="bbox 177 2751 1099 2830; baseline 0.003 -20"><span class='ocrx_word' id='word_1_203' title='bbox 177 2751 335 2812; x_wconf 86' lang='lat' dir='ltr'><strong>Praeterea</strong></span> <span class='ocrx_word' id='word_1_204' title='bbox 364 2771 431 2812; x_wconf 91' lang='lat' dir='ltr'><strong>eum</strong></span> <span class='ocrx_word' id='word_1_205' title='bbox 457 2755 627 2813; x_wconf 79' lang='lat' dir='ltr'><strong>recensione</strong></span> <span class='ocrx_word' id='word_1_206' title='bbox 653 2752 718 2813; x_wconf 70' lang='lat' dir='ltr'><strong>AV</strong></span> <span class='ocrx_word' id='word_1_207' title='bbox 743 2754 960 2830; x_wconf 85' lang='lat' dir='ltr'><strong>quodammodo</strong></span> <span class='ocrx_word' id='word_1_208' title='bbox 988 2773 1099 2814; x_wconf 81' lang='lat' dir='ltr'><strong>conexa</strong></span> 
     </span>
     <span class='ocr_line' id='line_1_29' title="bbox 89 2836 1100 2921; baseline 0.002 -21"><span class='ocrx_word' id='word_1_209' title='bbox 89 2843 136 2901; x_wconf 85' lang='lat' dir='ltr'><strong>est</strong></span> <span class='ocrx_word' id='word_1_210' title='bbox 155 2842 287 2901; x_wconf 76' lang='lat' dir='ltr'><strong>recensio</strong></span> <span class='ocrx_word' id='word_1_211' title='bbox 305 2836 345 2898; x_wconf 78' lang='grc' dir='ltr'><em>Γ</em></span> <span class='ocrx_word' id='word_1_212' title='bbox 358 2866 400 2889; x_wconf 87' lang='lat'>=</span> <span class='ocrx_word' id='word_1_213' title='bbox 419 2842 555 2901; x_wconf 87' lang='lat' dir='ltr'><strong>oodieum</strong></span> <span class='ocrx_word' id='word_1_214' title='bbox 572 2861 642 2921; x_wconf 82' lang='lat' dir='ltr'><strong>ryv,</strong></span> <span class='ocrx_word' id='word_1_215' title='bbox 665 2844 744 2902; x_wconf 90' lang='lat' dir='ltr'><strong>inter</strong></span> <span class='ocrx_word' id='word_1_216' title='bbox 767 2862 841 2919; x_wconf 91' lang='lat' dir='ltr'><strong>quos</strong></span> <span class='ocrx_word' id='word_1_217' title='bbox 864 2845 986 2901; x_wconf 83' lang='lat' dir='ltr'><strong>maximi</strong></span> <span class='ocrx_word' id='word_1_218' title='bbox 1008 2845 1100 2919; x_wconf 90' lang='lat' dir='ltr'><strong>pretii</strong></span> 
     </span>
     <span class='ocr_line' id='line_1_30' title="bbox 89 2928 1098 3008; baseline 0.001 -18"><span class='ocrx_word' id='word_1_219' title='bbox 89 2932 135 2990; x_wconf 89' lang='lat' dir='ltr'><strong>est</strong></span> <span class='ocrx_word' id='word_1_220' title='bbox 156 2928 233 2988; x_wconf 88' lang='lat' dir='ltr'><strong>liber</strong></span> <span class='ocrx_word' id='word_1_221' title='bbox 254 2953 287 3004; x_wconf 85' lang='grc' dir='ltr'><strong>ν,</strong></span> <span class='ocrx_word' id='word_1_222' title='bbox 311 2931 382 3006; x_wconf 89' lang='lat' dir='ltr'><strong>quia</strong></span> <span class='ocrx_word' id='word_1_223' title='bbox 404 2932 437 2988; x_wconf 90' lang='lat' dir='ltr'><strong>in</strong></span> <span class='ocrx_word' id='word_1_224' title='bbox 460 2928 770 3006; x_wconf 70' lang='lat' dir='ltr'><strong>omullo-15,</strong></span> <span class='ocrx_word' id='word_1_225' title='bbox 794 2932 887 3008; x_wconf 80' lang='lat' dir='ltr'><strong>epod,</strong></span> <span class='ocrx_word' id='word_1_226' title='bbox 911 2951 999 2991; x_wconf 88' lang='lat' dir='ltr'><strong>earm.</strong></span> <span class='ocrx_word' id='word_1_227' title='bbox 1023 2951 1098 2992; x_wconf 89' lang='lat' dir='ltr'><strong>saee.</strong></span> 
     </span>
     <span class='ocr_line' id='line_1_31' title="bbox 88 3018 1099 3097; baseline 0.002 -19"><span class='ocrx_word' id='word_1_228' title='bbox 88 3037 148 3078; x_wconf 87' lang='lat' dir='ltr'><strong>non</strong></span> <span class='ocrx_word' id='word_1_229' title='bbox 178 3036 245 3078; x_wconf 85' lang='lat' dir='ltr'><strong>oum</strong></span> <span class='ocrx_word' id='word_1_230' title='bbox 272 3038 311 3097; x_wconf 79' lang='lat' dir='ltr'><strong>ry</strong></span> <span class='ocrx_word' id='word_1_231' title='bbox 338 3020 424 3094; x_wconf 81' lang='lat' dir='ltr'><strong>faoit,</strong></span> <span class='ocrx_word' id='word_1_232' title='bbox 457 3037 561 3078; x_wconf 84' lang='lat' dir='ltr'><strong>uorum</strong></span> <span class='ocrx_word' id='word_1_233' title='bbox 588 3039 655 3079; x_wconf 87' lang='lat' dir='ltr'><strong>oum</strong></span> <span class='ocrx_word' id='word_1_234' title='bbox 678 3018 784 3094; x_wconf 79' lang='lat' dir='ltr'><strong>AVop.</strong></span> <span class='ocrx_word' id='word_1_235' title='bbox 831 3020 890 3080; x_wconf 80' lang='lat' dir='ltr'><strong>Sed</strong></span> <span class='ocrx_word' id='word_1_236' title='bbox 918 3041 1099 3097; x_wconf 87' lang='lat' dir='ltr'><strong>quamquam</strong></span> 
     </span>
     <span class='ocr_line' id='line_1_32' title="bbox 88 3098 1098 3189; baseline 0.003 -22"><span class='ocrx_word' id='word_1_237' title='bbox 88 3111 119 3167; x_wconf 92' lang='lat' dir='ltr'><strong>et</strong></span> <span class='ocrx_word' id='word_1_238' title='bbox 148 3110 350 3184; x_wconf 88' lang='lat' dir='ltr'><strong>praestantior</strong></span> <span class='ocrx_word' id='word_1_239' title='bbox 382 3110 412 3166; x_wconf 88' lang='lat' dir='ltr'><strong>et</strong></span> <span class='ocrx_word' id='word_1_240' title='bbox 444 3111 592 3168; x_wconf 90' lang='lat' dir='ltr'><strong>uetustior</strong></span> <span class='ocrx_word' id='word_1_241' title='bbox 623 3111 668 3168; x_wconf 88' lang='lat' dir='ltr'><strong>est</strong></span> <span class='ocrx_word' id='word_1_242' title='bbox 699 3110 790 3168; x_wconf 86' lang='lat' dir='ltr'><strong>oodex</strong></span> <span class='ocrx_word' id='word_1_243' title='bbox 817 3133 835 3168; x_wconf 87' lang='grc' dir='ltr'><strong><em>ν</em></strong></span> <span class='ocrx_word' id='word_1_244' title='bbox 863 3098 992 3186; x_wconf 82' lang='lat' dir='ltr'><strong>quamr</strong></span> <span class='ocrx_word' id='word_1_245' title='bbox 1020 3113 1051 3170; x_wconf 92' lang='lat' dir='ltr'><strong>et</strong></span> <span class='ocrx_word' id='word_1_246' title='bbox 1072 3133 1098 3189; x_wconf 81' lang='lat' dir='ltr'><strong>y,</strong></span> 
     </span>
     <span class='ocr_line' id='line_1_33' title="bbox 87 3198 1098 3277; baseline 0.001 -21"><span class='ocrx_word' id='word_1_247' title='bbox 87 3199 189 3256; x_wconf 87' lang='lat' dir='ltr'><strong>tamen</strong></span> <span class='ocrx_word' id='word_1_248' title='bbox 214 3198 432 3274; x_wconf 83' lang='lat' dir='ltr'><strong>praetermissis</strong></span> <span class='ocrx_word' id='word_1_249' title='bbox 458 3216 497 3277; x_wconf 79' lang='lat' dir='ltr'><strong>ry</strong></span> <span class='ocrx_word' id='word_1_250' title='bbox 524 3217 558 3256; x_wconf 91' lang='lat' dir='ltr'><strong>eo</strong></span> <span class='ocrx_word' id='word_1_251' title='bbox 586 3198 649 3257; x_wconf 92' lang='lat' dir='ltr'><strong>solo</strong></span> <span class='ocrx_word' id='word_1_252' title='bbox 673 3201 719 3256; x_wconf 88' lang='lat' dir='ltr'><strong>uti</strong></span> <span class='ocrx_word' id='word_1_253' title='bbox 740 3201 899 3275; x_wconf 84' lang='lat' dir='ltr'><strong>propterea</strong></span> <span class='ocrx_word' id='word_1_254' title='bbox 921 3218 982 3257; x_wconf 93' lang='lat' dir='ltr'><strong>non</strong></span> <span class='ocrx_word' id='word_1_255' title='bbox 1004 3200 1098 3272; x_wconf 81' lang='lat' dir='ltr'><strong>licuit,</strong></span> 
     </span>
     <span class='ocr_line' id='line_1_34' title="bbox 87 3285 623 3362; baseline 0 -18"><span class='ocrx_word' id='word_1_256' title='bbox 87 3286 168 3362; x_wconf 85' lang='lat' dir='ltr'><strong>qood</strong></span> <span class='ocrx_word' id='word_1_257' title='bbox 189 3309 208 3344; x_wconf 87' lang='grc' dir='ltr'><strong><em>ν</em></strong></span> <span class='ocrx_word' id='word_1_258' title='bbox 229 3288 294 3362; x_wconf 86' lang='lat' dir='ltr'><strong>ipse</strong></span> <span class='ocrx_word' id='word_1_259' title='bbox 316 3285 403 3344; x_wconf 85' lang='lat' dir='ltr'><strong>ualde</strong></span> <span class='ocrx_word' id='word_1_260' title='bbox 426 3303 548 3346; x_wconf 83' lang='lat' dir='ltr'><strong>manens</strong></span> <span class='ocrx_word' id='word_1_261' title='bbox 571 3289 623 3346; x_wconf 91' lang='lat' dir='ltr'><strong>est.</strong></span> 
     </span>
    </p>
   </div>
   <div class='ocr_carea' id='block_1_5' title="bbox 85 3390 1130 3668">
    <p class='ocr_par' dir='ltr' id='par_1_7' title="bbox 85 3390 1130 3668">
     <span class='ocr_line' id='line_1_35' title="bbox 175 3390 1099 3486; baseline -0.001 -34"><span class='ocrx_word' id='word_1_262' title='bbox 175 3415 194 3452; x_wconf 81' lang='grc' dir='ltr'><strong><em>ν</em></strong></span> <span class='ocrx_word' id='word_1_263' title='bbox 221 3395 267 3453; x_wconf 86' lang='lat' dir='ltr'><strong>est</strong></span> <span class='ocrx_word' id='word_1_264' title='bbox 293 3390 384 3452; x_wconf 84' lang='lat' dir='ltr'><strong>eodex</strong></span> <span class='ocrx_word' id='word_1_265' title='bbox 410 3391 594 3486; x_wconf 51' lang='lat' dir='ltr'><strong>H-oratianus</strong></span> <span class='ocrx_word' id='word_1_266' title='bbox 617 3391 864 3471; x_wconf 79' lang='lat' dir='ltr'><strong>Nienburgensis,</strong></span> <span class='ocrx_word' id='word_1_267' title='bbox 891 3413 969 3453; x_wconf 88' lang='lat' dir='ltr'><strong>nuno</strong></span> <span class='ocrx_word' id='word_1_268' title='bbox 992 3393 1099 3453; x_wconf 88' lang='lat' dir='ltr'><strong>Dessa-</strong></span> 
     </span>
     <span class='ocr_line' id='line_1_36' title="bbox 86 3497 1106 3574; baseline -0.003 -14"><span class='ocrx_word' id='word_1_269' title='bbox 86 3500 197 3560; x_wconf 85' lang='lat' dir='ltr'><strong>niensis</strong></span> <span class='ocrx_word' id='word_1_270' title='bbox 219 3497 258 3574; x_wconf 79' lang='lat' dir='ltr'><strong>A,</strong></span> <span class='ocrx_word' id='word_1_271' title='bbox 288 3500 448 3560; x_wconf 83' lang='lat' dir='ltr'><strong>saeculiX</strong></span> <span class='ocrx_word' id='word_1_272' title='bbox 479 3501 618 3558; x_wconf 90' lang='lat' dir='ltr'><strong>ineuntis.</strong></span> <span class='ocrx_word' id='word_1_273' title='bbox 674 3498 823 3558; x_wconf 80' lang='lat' dir='ltr'><strong>Deficiunt</strong></span> <span class='ocrx_word' id='word_1_274' title='bbox 855 3519 879 3560; x_wconf 88' lang='lat' dir='ltr'><strong>o.</strong></span> <span class='ocrx_word' id='word_1_275' title='bbox 897 3499 915 3557; x_wconf 89' lang='lat'>1</span> <span class='ocrx_word' id='word_1_276' title='bbox 933 3500 994 3573; x_wconf 76' lang='lat'><strong>13,</strong></span> <span class='ocrx_word' id='word_1_277' title='bbox 1008 3502 1106 3557; x_wconf 60' lang='lat' dir='ltr'><strong>lt·-</strong></span> 
     </span>
     <span class='ocr_line' id='line_1_37' title="bbox 85 3586 1130 3668; baseline -0.006 -20"><span class='ocrx_word' id='word_1_278' title='bbox 85 3588 236 3662; x_wconf 81' lang='lat'><strong>119,16.</strong></span> <span class='ocrx_word' id='word_1_279' title='bbox 266 3586 569 3663; x_wconf 77' lang='lat'><strong>1112,29-4,15.</strong></span> <span class='ocrx_word' id='word_1_280' title='bbox 592 3587 1130 3668; x_wconf 54' lang='lat' dir='ltr'><strong>maai—unumun-</strong></span> 
     </span>
    </p>
   </div>
   <div class='ocr_carea' id='block_1_6' title="bbox 0 17 1250 3840">
    <p class='ocr_par' dir='ltr' id='par_1_8' title="bbox 0 17 1250 3840">
     <span class='ocr_line' id='line_1_38' title="bbox 0 17 1250 3840; baseline 0 2"><span class='ocrx_word' id='word_1_281' title='bbox 0 17 1250 3840; x_wconf 95' lang='lat' dir='ltr'><strong> </strong></span> 
     </span>
    </p>
   </div>
  </div>
 </body>
</html>
