2490 3840
160 189 216 253 '64
504 186 693 243 EXPOSITIO
711 188 752 242 IN
768 188 854 243 HOR.

263 348 296 416 l.
333 374 351 415 o
379 373 469 415 sams
501 375 661 414 narsaeus
692 375 724 414 ιιι
755 374 839 415 maan
871 375 910 414 ra
943 374 1016 415 novi
1039 350 1082 434 a]
1127 355 1185 415 Per

172 445 346 523 allegoriam
377 441 432 505 ode
464 445 524 504 ista
554 445 667 504 bellurn
699 446 788 505 ciuile
818 445 966 524 designat,
999 448 1034 504 ut
1061 444 1185 520 quidam

171 535 291 608 uolunt,
320 534 372 592 alii
394 534 616 609 rempublicam.
663 532 779 593 (tertius
801 538 901 594 tamen
925 538 983 609 est,
1011 534 1091 610 quod
1114 533 1184 594 Sen-

142 630 147 640 ‘
171 627 237 681 tum
259 622 434 698 Pompeium
460 622 556 681 filium
579 622 701 699 Pompei
728 627 861 699 moueat,
894 625 959 700 qui,
989 627 1186 699 posteaquam

138 723 154 772 ι
172 711 277 772 foedus
301 730 369 771 cum
391 713 558 770 triumuiris
580 712 660 788 fecit,
684 713 795 771 bellum
818 713 907 771 ciuile
930 713 1027 772 denuo
1045 731 1186 787 reparare

172 801 277 861 uoluit.
324 799 492 860 Secundum
525 805 625 860 autem
657 802 745 860 ciuile
772 802 883 860 bellum
909 802 988 861 inter
1014 800 1187 878 Augustum

173 889 329 949 Gaesarem
357 894 387 949 et
414 888 550 949 Gessium
578 889 762 950 et'Brutum
790 893 867 964 erat,
899 891 952 966 qui
979 891 1102 949 fuerunt
1128 888 1186 949 Gai

173 978 308 1038 Caesaris
337 980 566 1054 interfectores,
607 979 662 1038 sub
704 979 810 1055 quibus
846 979 943 1038 Horat
944 980 991 1038 ius
1032 971 1186 1038 militauit.

173 1068 379 1144 Metaphoram
403 1073 504 1128 autem
527 1069 654 1144 sumpsit
677 1069 803 1143 auaui,
830 1088 864 1126 ex
887 1069 970 1126 cuius
994 1069 1185 1127 armamentis

121 1167 155 1215 10
174 1159 204 1215 et
240 1157 349 1216 milites
386 1161 417 1216 et
453 1157 584 1216 diuersas
616 1158 715 1216 uoluit
746 1114 1027 1216 administrationes
1051 1156 1187 1235 intellegi

175 1239 280 1327 (ΑΓα
293 1263 368 1305 cons
377 1262 420 1319 cp

264 1344 285 1411 2
289 1345 473 1431 ,ruvorvs]
514 1351 632 1411 Bellum
654 1353 744 1412 ciuile
766 1354 890 1412 uocauit
914 1345 1070 1433 (APcp

264 1451 297 1519 3.
321 1453 460 1537 roarvnr]
479 1483 480 1486 ¹
496 1458 612 1533 Pacem,
625 1462 669 1517 ‘ut
691 1455 848 1518 Terentius
871 1449 987 1538 (Aodrss‘
1001 1458 1048 1517 ΠΙ
1064 1455 1096 1533 ’1,
1116 1450 1188 1539 22):

431 1601 473 1692 Iu⁸
490 1575 579 1678 portu
602 1595 720 1678 nauigo'
737 1592 781 1681 (A
788 1602 836 1659 Γι
849 1618 961 1675 couap

123 1769 155 1818 15
265 1753 299 1820 3.
324 1752 358 1820 4.
381 1777 482 1818 nouus
505 1777 596 1819 vines
619 1779 659 1820 vr
681 1779 788 1820 uvuvn
811 1779 838 1818 a.
858 1754 900 1839 u]
930 1741 1084 1819 Nudatum
1107 1760 1187 1820 letus

175 1849 249 1925 fuga
273 1846 356 1908 Cassi
378 1851 409 1907 et
431 1849 589 1908 amissione
612 1851 755 1909 exereitus
780 1842 992 1931 (ΑΓιιιιιιιι

266 1946 299 2015 5.
323 1974 362 2012 ar
385 1971 486 2013 unave
511 1971 621 2012 onnam
644 1972 771 2016 savows
776 1951 922 2036 asmoo]
954 1954 1052 2015 Graue
1075 1956 1188 2015 bellum

176 2043 429 2204 ιιιέιὲιξιὸιιοιιιιι
450 2063 504 2119 per
525 2046 651 2102 uentum
673 2047 924 2155 tempestuosum,
937 2048 972 2104 ut
995 2037 1097 2125 (Vero.
1112 2037 1187 2104 Aere

124 2231 158 2280 ιο
762 2220 927 2298 Oreberque
949 2223 1088 2299 procellis

336 2326 456 2385 Africus
480 2319 643 2408 (Arcens.
658 2344 673 2385 c
676 2346 701 2401 p

266 2486 328 2546 *ut
353 2488 449 2546 malus
474 2479 511 2568 (p
512 2481 539 2569 )]
584 2474 694 2564 Arbor,
711 2507 803 2563 quae
830 2490 912 2546 tenet
938 2488 1052 2564 uelum,
1086 2492 1116 2548 ιι
1143 2492 1188 2548 ιιι

177 2577 336 2635 masculini
358 2578 473 2655 generis
497 2570 583 2657 (Pop
596 2594 679 2636 cmc

266 2703 305 2742 nr
339 2676 454 2761 ulnus]
500 2679 629 2741 Malum
645 2684 866 2742 summitatem
881 2683 994 2741 arboris
1027 2683 1116 2784 (linit,
1153 2687 1189 2743 ut

125 2765 292 2854 arwam.
300 2770 374 2831 Aac
381 2772 429 2828 V
428 2772 517 2830 828
530 2763 624 2851 829)·
696 2778 698 2782 ‘
1069 2794 1071 2798 ¹

762 2858 848 2934 Iubet
871 2861 952 2919 ocius
977 2878 1076 2920 omnes

337 2947 379 3007 At
380 2914 447 3008 tolli
468 2948 571 3007 malos.

269 3205 399 3258 aode
364 3170 523 3287 uolunt]
540 3167 685 3261 odemista
719 3186 802 3261 ciuile
816 3206 944 3260 bellum
936 3225 966 3259 m
980 3208 1111 3290 quodam
1139 3225 1190 3262 uo-

179 3275 242 3328 lunt
322 3276 394 3331 oden
412 3276 497 3330 istam
514 3277 563 3360 Ar
580 3277 718 3332 odemieta
736 3299 754 3331 α
836 3278 1189 3349 designatuty]1nqua

160 3346 271 3415 Arcp
348 3352 371 3399 3
383 3346 509 3418 quoqu
508 3347 557 3402 uia
575 3365 613 3418 cp
630 3352 699 3403 uto
775 3350 907 3420 4qui—
923 3350 1002 3421 fecit]
1022 3350 1072 3419 qui
1090 3353 1190 3419 postea

176 3417 248 3469 atris
328 3417 445 3473 tfedue
464 3367 509 3475 Aq
562 3419 632 3474 fecit
649 3441 668 3474 α
738 3422 880 3502 reparare]
901 3437 995 3476 cesare
1014 3442 1032 3474 α
1110 3426 1221 3476 ιιι-

157 3499 256 3538 earem
274 3489 309 3544 A
322 3488 384 3541 ιιι
368 3505 495 3547 cesarem
515 3513 536 3548 oc
610 3493 672 3548 erat
690 3490 794 3564 plfuit
811 3509 890 3548 cora
906 3495 976 3549 Aru
1066 3496 1190 3546 Amata-

134 3551 270 3612 plroram
289 3559 335 3629 p]
350 3563 583 3638 methaphoram
612 3585 627 3625 c
664 3513 840 3622 metaturam
864 3565 922 3619 ΑΓ
954 3561 1164 3616 matulonamu
