<?xml version="1.0" encoding="UTF-8"?>
<!DOCTYPE html PUBLIC "-//W3C//DTD XHTML 1.0 Transitional//EN"
    "http://www.w3.org/TR/xhtml1/DTD/xhtml1-transitional.dtd">
<html xmlns="http://www.w3.org/1999/xhtml" xml:lang="en" lang="en">
 <head>
  <title>
</title>
<meta http-equiv="Content-Type" content="text/html;charset=utf-8" />
  <meta name='ocr-system' content='tesseract 3.04.00' />
  <meta name='ocr-capabilities' content='ocr_page ocr_carea ocr_par ocr_line ocrx_word'/>
</head>
<body>
  <div class='ocr_page' id='page_1' title='image "./pseudacronissch00kellgoog/pseudacronissch00kellgoog_0425.png"; bbox 0 0 2490 3840; ppageno 0'>
   <div class='ocr_carea' id='block_1_1' title="bbox 139 205 820 272">
    <p class='ocr_par' dir='ltr' id='par_1_1' title="bbox 139 205 820 272">
     <span class='ocr_line' id='line_1_1' title="bbox 139 205 820 272; baseline -0.021 0"><span class='ocrx_word' id='word_1_1' title='bbox 139 207 205 272; x_wconf 86' lang='lat'><strong>404</strong></span> <span class='ocrx_word' id='word_1_2' title='bbox 471 205 660 260; x_wconf 81' lang='lat' dir='ltr'><strong>sxrosrrro</strong></span> <span class='ocrx_word' id='word_1_3' title='bbox 679 205 718 260; x_wconf 73' lang='lat' dir='ltr'><strong>ns</strong></span> <span class='ocrx_word' id='word_1_4' title='bbox 735 205 820 259; x_wconf 79' lang='lat' dir='ltr'><strong>sos.</strong></span> 
     </span>
    </p>
   </div>
   <div class='ocr_carea' id='block_1_2' title="bbox 232 355 1155 577">
    <p class='ocr_par' dir='ltr' id='par_1_2' title="bbox 232 355 1155 577">
     <span class='ocr_line' id='line_1_2' title="bbox 232 355 1155 454; baseline 0 -22"><span class='ocrx_word' id='word_1_5' title='bbox 232 367 289 434; x_wconf 73' lang='lat'><strong>12.</strong></span> <span class='ocrx_word' id='word_1_6' title='bbox 325 391 447 431; x_wconf 66' lang='lat' dir='ltr'><strong>aarum</strong></span> <span class='ocrx_word' id='word_1_7' title='bbox 471 390 571 432; x_wconf 79' lang='lat' dir='ltr'><strong>roano</strong></span> <span class='ocrx_word' id='word_1_8' title='bbox 595 368 731 452; x_wconf 76' lang='lat' dir='ltr'><strong>consus]</strong></span> <span class='ocrx_word' id='word_1_9' title='bbox 775 373 819 431; x_wconf 92' lang='lat' dir='ltr'><strong>Vt</strong></span> <span class='ocrx_word' id='word_1_10' title='bbox 842 365 948 454; x_wconf 68' lang='lat' dir='ltr'><strong>(Vero.</strong></span> <span class='ocrx_word' id='word_1_11' title='bbox 967 373 1018 433; x_wconf 84' lang='lat' dir='ltr'><strong>eol.</strong></span> <span class='ocrx_word' id='word_1_12' title='bbox 1040 376 1069 449; x_wconf 87' lang='lat'><strong>9,</strong></span> <span class='ocrx_word' id='word_1_13' title='bbox 1089 355 1155 454; x_wconf 79' lang='lat'>25):</span> 
     </span>
     <span class='ocr_line' id='line_1_3' title="bbox 302 489 807 577; baseline -0.002 -22"><span class='ocrx_word' id='word_1_14' title='bbox 302 496 401 557; x_wconf 85' lang='lat' dir='ltr'><strong>Gornu</strong></span> <span class='ocrx_word' id='word_1_15' title='bbox 424 497 494 555; x_wconf 85' lang='lat' dir='ltr'><strong>ferit</strong></span> <span class='ocrx_word' id='word_1_16' title='bbox 516 498 577 572; x_wconf 89' lang='lat' dir='ltr'><strong>ille,</strong></span> <span class='ocrx_word' id='word_1_17' title='bbox 600 501 704 556; x_wconf 92' lang='lat' dir='ltr'><strong>caueto</strong></span> <span class='ocrx_word' id='word_1_18' title='bbox 729 489 807 577; x_wconf 87' lang='lat' dir='ltr'><strong>(AV</strong></span> 
     </span>
    </p>
   </div>
   <div class='ocr_carea' id='block_1_3' title="bbox 76 632 1158 2662">
    <p class='ocr_par' dir='ltr' id='par_1_3' title="bbox 233 632 1154 716">
     <span class='ocr_line' id='line_1_4' title="bbox 233 632 1154 716; baseline 0.001 -18"><span class='ocrx_word' id='word_1_19' title='bbox 233 633 290 700; x_wconf 82' lang='lat'><strong>13.</strong></span> <span class='ocrx_word' id='word_1_20' title='bbox 315 655 424 704; x_wconf 70' lang='lat' dir='ltr'><strong>ovans</strong></span> <span class='ocrx_word' id='word_1_21' title='bbox 447 656 605 696; x_wconf 66' lang='lat' dir='ltr'><strong>monuere</strong></span> <span class='ocrx_word' id='word_1_22' title='bbox 628 632 775 716; x_wconf 78' lang='lat' dir='ltr'><strong>srunuvs]</strong></span> <span class='ocrx_word' id='word_1_23' title='bbox 817 638 931 698; x_wconf 88' lang='lat' dir='ltr'><strong>Datiuo</strong></span> <span class='ocrx_word' id='word_1_24' title='bbox 950 657 1024 698; x_wconf 90' lang='lat' dir='ltr'><strong>casu</strong></span> <span class='ocrx_word' id='word_1_25' title='bbox 1044 638 1154 699; x_wconf 87' lang='lat' dir='ltr'><strong>Licam-</strong></span> 
     </span>
    </p>

    <p class='ocr_par' dir='ltr' id='par_1_4' title="bbox 76 719 1154 808">
     <span class='ocr_line' id='line_1_5' title="bbox 76 719 1154 808; baseline -0.003 -19"><span class='ocrx_word' id='word_1_26' title='bbox 76 771 85 782; x_wconf 47' lang='lat'><strong>-,</strong></span> <span class='ocrx_word' id='word_1_27' title='bbox 140 731 196 789; x_wconf 90' lang='lat' dir='ltr'><strong>bae</strong></span> <span class='ocrx_word' id='word_1_28' title='bbox 223 729 325 805; x_wconf 89' lang='lat' dir='ltr'><strong>po&#39;suit</strong></span> <span class='ocrx_word' id='word_1_29' title='bbox 352 720 403 808; x_wconf 78' lang='lat' dir='ltr'><strong>(ef.</strong></span> <span class='ocrx_word' id='word_1_30' title='bbox 421 719 556 807; x_wconf 66' lang='lat' dir='ltr'><strong>Perpau),</strong></span> <span class='ocrx_word' id='word_1_31' title='bbox 583 728 666 786; x_wconf 87' lang='lat' dir='ltr'><strong>cuius</strong></span> <span class='ocrx_word' id='word_1_32' title='bbox 689 727 762 785; x_wconf 91' lang='lat' dir='ltr'><strong>haec</strong></span> <span class='ocrx_word' id='word_1_33' title='bbox 784 727 888 786; x_wconf 83' lang='lat' dir='ltr'><strong>fabula</strong></span> <span class='ocrx_word' id='word_1_34' title='bbox 911 730 969 786; x_wconf 91' lang='lat' dir='ltr'><strong>est:</strong></span> <span class='ocrx_word' id='word_1_35' title='bbox 1002 727 1154 787; x_wconf 86' lang='lat' dir='ltr'><strong>Licarnbes</strong></span> 
     </span>
    </p>

    <p class='ocr_par' dir='ltr' id='par_1_5' title="bbox 107 814 1156 1158">
     <span class='ocr_line' id='line_1_6' title="bbox 107 814 1154 896; baseline -0.001 -19"><span class='ocrx_word' id='word_1_36' title='bbox 107 818 248 896; x_wconf 50' lang='lat' dir='ltr'><strong>o3habuit</strong></span> <span class='ocrx_word' id='word_1_37' title='bbox 270 816 364 874; x_wconf 84' lang='lat' dir='ltr'><strong>filiam</strong></span> <span class='ocrx_word' id='word_1_38' title='bbox 387 816 559 875; x_wconf 87' lang='lat' dir='ltr'><strong>Neobulem.</strong></span> <span class='ocrx_word' id='word_1_39' title='bbox 605 815 691 874; x_wconf 90' lang='lat' dir='ltr'><strong>Hanc</strong></span> <span class='ocrx_word' id='word_1_40' title='bbox 713 833 780 873; x_wconf 92' lang='lat' dir='ltr'><strong>oum</strong></span> <span class='ocrx_word' id='word_1_41' title='bbox 797 814 974 875; x_wconf 86' lang='lat' dir='ltr'><strong>Archilocus</strong></span> <span class='ocrx_word' id='word_1_42' title='bbox 998 817 1032 873; x_wconf 91' lang='lat' dir='ltr'><strong>in</strong></span> <span class='ocrx_word' id='word_1_43' title='bbox 1055 818 1154 876; x_wconf 84' lang='lat' dir='ltr'><strong>matri-</strong></span> 
     </span>
     <span class='ocr_line' id='line_1_7' title="bbox 141 903 1154 982; baseline -0.002 -18"><span class='ocrx_word' id='word_1_44' title='bbox 141 907 274 964; x_wconf 87' lang='lat' dir='ltr'><strong>monium</strong></span> <span class='ocrx_word' id='word_1_45' title='bbox 297 905 488 982; x_wconf 78' lang='lat' dir='ltr'><strong>postulasset,</strong></span> <span class='ocrx_word' id='word_1_46' title='bbox 511 906 657 979; x_wconf 86' lang='lat' dir='ltr'><strong>promissa</strong></span> <span class='ocrx_word' id='word_1_47' title='bbox 679 922 732 963; x_wconf 90' lang='lat' dir='ltr'><strong>neo</strong></span> <span class='ocrx_word' id='word_1_48' title='bbox 754 903 827 962; x_wconf 88' lang='lat' dir='ltr'><strong>data</strong></span> <span class='ocrx_word' id='word_1_49' title='bbox 846 906 891 962; x_wconf 91' lang='lat' dir='ltr'><strong>est</strong></span> <span class='ocrx_word' id='word_1_50' title='bbox 909 923 927 962; x_wconf 88' lang='lat' dir='ltr'><strong>a</strong></span> <span class='ocrx_word' id='word_1_51' title='bbox 945 907 1044 980; x_wconf 86' lang='lat' dir='ltr'><strong>petre.</strong></span> <span class='ocrx_word' id='word_1_52' title='bbox 1076 905 1154 962; x_wconf 86' lang='lat' dir='ltr'><strong>-Hino</strong></span> 
     </span>
     <span class='ocr_line' id='line_1_8' title="bbox 142 991 1156 1070; baseline -0.001 -18"><span class='ocrx_word' id='word_1_53' title='bbox 142 995 239 1053; x_wconf 88' lang='lat' dir='ltr'><strong>iratus</strong></span> <span class='ocrx_word' id='word_1_54' title='bbox 275 993 450 1053; x_wconf 86' lang='lat' dir='ltr'><strong>Archilocus</strong></span> <span class='ocrx_word' id='word_1_55' title='bbox 485 994 518 1050; x_wconf 92' lang='lat' dir='ltr'><strong>in</strong></span> <span class='ocrx_word' id='word_1_56' title='bbox 555 1012 622 1051; x_wconf 92' lang='lat' dir='ltr'><strong>eum</strong></span> <span class='ocrx_word' id='word_1_57' title='bbox 657 991 835 1051; x_wconf 86' lang='lat' dir='ltr'><strong>maledicum</strong></span> <span class='ocrx_word' id='word_1_58' title='bbox 872 1010 991 1051; x_wconf 85' lang='lat' dir='ltr'><strong>carmen</strong></span> <span class='ocrx_word' id='word_1_59' title='bbox 1032 994 1156 1070; x_wconf 81' lang='lat' dir='ltr'><strong>scripsit,</strong></span> 
     </span>
     <span class='ocr_line' id='line_1_9' title="bbox 143 1080 1154 1158; baseline 0 -18"><span class='ocrx_word' id='word_1_60' title='bbox 143 1100 201 1158; x_wconf 92' lang='lat' dir='ltr'><strong>quo</strong></span> <span class='ocrx_word' id='word_1_61' title='bbox 233 1085 318 1141; x_wconf 88' lang='lat' dir='ltr'><strong>tanto</strong></span> <span class='ocrx_word' id='word_1_62' title='bbox 352 1083 397 1140; x_wconf 91' lang='lat' dir='ltr'><strong>est</strong></span> <span class='ocrx_word' id='word_1_63' title='bbox 428 1080 528 1140; x_wconf 90' lang='lat' dir='ltr'><strong>dolore</strong></span> <span class='ocrx_word' id='word_1_64' title='bbox 561 1081 746 1156; x_wconf 88' lang='lat' dir='ltr'><strong>compulsus,</strong></span> <span class='ocrx_word' id='word_1_65' title='bbox 782 1083 818 1138; x_wconf 91' lang='lat' dir='ltr'><strong>ut</strong></span> <span class='ocrx_word' id='word_1_66' title='bbox 852 1099 920 1138; x_wconf 91' lang='lat' dir='ltr'><strong>oum</strong></span> <span class='ocrx_word' id='word_1_67' title='bbox 951 1081 1018 1140; x_wconf 89' lang='lat' dir='ltr'><strong>filia</strong></span> <span class='ocrx_word' id='word_1_68' title='bbox 1051 1083 1154 1157; x_wconf 87' lang='lat' dir='ltr'><strong>laqueo</strong></span> 
     </span>
    </p>

    <p class='ocr_par' dir='ltr' id='par_1_6' title="bbox 83 1162 994 1250">
     <span class='ocr_line' id='line_1_10' title="bbox 83 1162 994 1250; baseline -0.013 -20"><span class='ocrx_word' id='word_1_69' title='bbox 83 1214 101 1244; x_wconf 41' lang='lat'><strong>,1</strong></span> <span class='ocrx_word' id='word_1_70' title='bbox 142 1174 238 1231; x_wconf 85' lang='lat' dir='ltr'><strong>uitem</strong></span> <span class='ocrx_word' id='word_1_71' title='bbox 260 1170 360 1229; x_wconf 90' lang='lat' dir='ltr'><strong>finiret</strong></span> <span class='ocrx_word' id='word_1_72' title='bbox 382 1162 462 1250; x_wconf 88' lang='lat' dir='ltr'><strong>(AV</strong></span> <span class='ocrx_word' id='word_1_73' title='bbox 993 1215 994 1218; x_wconf 74' lang='grc'>,</span> 
     </span>
    </p>

    <p class='ocr_par' dir='ltr' id='par_1_7' title="bbox 82 1254 1154 1758">
     <span class='ocr_line' id='line_1_11' title="bbox 82 1254 1154 1334; baseline -0.004 -14"><span class='ocrx_word' id='word_1_74' title='bbox 82 1254 124 1320; x_wconf 85' lang='grc' dir='ltr'><strong>Ι10</strong></span> <span class='ocrx_word' id='word_1_75' title='bbox 232 1259 415 1334; x_wconf 83' lang='lat' dir='ltr'><strong>*Lycambes</strong></span> <span class='ocrx_word' id='word_1_76' title='bbox 445 1257 539 1315; x_wconf 88' lang='lat' dir='ltr'><strong>filiam</strong></span> <span class='ocrx_word' id='word_1_77' title='bbox 566 1275 651 1316; x_wconf 88' lang='lat' dir='ltr'><strong>suam</strong></span> <span class='ocrx_word' id='word_1_78' title='bbox 673 1257 811 1333; x_wconf 82' lang='lat' dir='ltr'><strong>promisit</strong></span> <span class='ocrx_word' id='word_1_79' title='bbox 833 1256 994 1317; x_wconf 88' lang='lat' dir='ltr'><strong>Archiloco</strong></span> <span class='ocrx_word' id='word_1_80' title='bbox 1019 1258 1154 1316; x_wconf 84' lang='lat' dir='ltr'><strong>daturum</strong></span> 
     </span>
     <span class='ocr_line' id='line_1_12' title="bbox 129 1344 1153 1424; baseline -0.004 -16"><span class='ocrx_word' id='word_1_81' title='bbox 129 1367 277 1424; x_wconf 67' lang='lat' dir='ltr'><strong>omrem,</strong></span> <span class='ocrx_word' id='word_1_82' title='bbox 309 1347 389 1423; x_wconf 92' lang='lat' dir='ltr'><strong>quod</strong></span> <span class='ocrx_word' id='word_1_83' title='bbox 420 1349 524 1422; x_wconf 90' lang='lat' dir='ltr'><strong>postea</strong></span> <span class='ocrx_word' id='word_1_84' title='bbox 556 1346 722 1423; x_wconf 84' lang='lat' dir='ltr'><strong>denegauit.</strong></span> <span class='ocrx_word' id='word_1_85' title='bbox 774 1344 839 1414; x_wconf 82' lang='lat' dir='ltr'><strong>Qua</strong></span> <span class='ocrx_word' id='word_1_86' title='bbox 871 1346 906 1404; x_wconf 90' lang='lat' dir='ltr'><strong>de</strong></span> <span class='ocrx_word' id='word_1_87' title='bbox 940 1365 1033 1405; x_wconf 88' lang='lat' dir='ltr'><strong>causa</strong></span> <span class='ocrx_word' id='word_1_88' title='bbox 1064 1349 1153 1406; x_wconf 86' lang='lat' dir='ltr'><strong>iratus</strong></span> 
     </span>
     <span class='ocr_line' id='line_1_13' title="bbox 133 1427 1154 1509; baseline -0.002 -13"><span class='ocrx_word' id='word_1_89' title='bbox 133 1427 317 1496; x_wconf 63' lang='lat' dir='ltr'><strong>¹archilocus</strong></span> <span class='ocrx_word' id='word_1_90' title='bbox 350 1436 482 1494; x_wconf 87' lang='lat' dir='ltr'><strong>carmina</strong></span> <span class='ocrx_word' id='word_1_91' title='bbox 514 1435 633 1509; x_wconf 79' lang='lat' dir='ltr'><strong>scripsit</strong></span> <span class='ocrx_word' id='word_1_92' title='bbox 664 1435 696 1492; x_wconf 86' lang='lat' dir='ltr'><strong>in</strong></span> <span class='ocrx_word' id='word_1_93' title='bbox 723 1434 893 1509; x_wconf 78' lang='lat' dir='ltr'>Lycamben</span> <span class='ocrx_word' id='word_1_94' title='bbox 920 1437 951 1492; x_wconf 91' lang='lat' dir='ltr'><strong>et</strong></span> <span class='ocrx_word' id='word_1_95' title='bbox 979 1436 1045 1494; x_wconf 90' lang='lat' dir='ltr'><strong>eius</strong></span> <span class='ocrx_word' id='word_1_96' title='bbox 1072 1436 1154 1508; x_wconf 85' lang='lat' dir='ltr'><strong>filios,</strong></span> 
     </span>
     <span class='ocr_line' id='line_1_14' title="bbox 143 1522 1153 1599; baseline -0.002 -16"><span class='ocrx_word' id='word_1_97' title='bbox 143 1527 188 1585; x_wconf 89' lang='lat' dir='ltr'><strong>ita</strong></span> <span class='ocrx_word' id='word_1_98' title='bbox 213 1530 251 1585; x_wconf 87' lang='lat' dir='ltr'><strong>nt</strong></span> <span class='ocrx_word' id='word_1_99' title='bbox 277 1545 313 1584; x_wconf 83' lang='lat' dir='ltr'><strong>ex</strong></span> <span class='ocrx_word' id='word_1_100' title='bbox 339 1525 440 1584; x_wconf 89' lang='lat' dir='ltr'><strong>dolore</strong></span> <span class='ocrx_word' id='word_1_101' title='bbox 463 1525 629 1582; x_wconf 80' lang='lat' dir='ltr'><strong>carminum</strong></span> <span class='ocrx_word' id='word_1_102' title='bbox 652 1525 715 1582; x_wconf 90' lang='lat' dir='ltr'><strong>eius</strong></span> <span class='ocrx_word' id='word_1_103' title='bbox 738 1522 817 1581; x_wconf 90' lang='lat' dir='ltr'><strong>filiae</strong></span> <span class='ocrx_word' id='word_1_104' title='bbox 840 1524 948 1599; x_wconf 87' lang='lat' dir='ltr'><strong>laqueo</strong></span> <span class='ocrx_word' id='word_1_105' title='bbox 972 1523 1071 1599; x_wconf 84' lang='lat' dir='ltr'><strong>uitam</strong></span> <span class='ocrx_word' id='word_1_106' title='bbox 1093 1523 1153 1581; x_wconf 90' lang='lat' dir='ltr'><strong>fini·</strong></span> 
     </span>
     <span class='ocr_line' id='line_1_15' title="bbox 143 1606 386 1758; baseline -0.004 -85"><span class='ocrx_word' id='word_1_107' title='bbox 143 1617 210 1673; x_wconf 89' lang='lat' dir='ltr'><strong>rent</strong></span> <span class='ocrx_word' id='word_1_108' title='bbox 233 1606 277 1758; x_wconf 44' lang='lat' dir='ltr'><strong>SI*</strong></span> <span class='ocrx_word' id='word_1_109' title='bbox 290 1615 386 1672; x_wconf 73' lang='lat' dir='ltr'><strong>siorab</strong></span> 
     </span>
    </p>

    <p class='ocr_par' dir='ltr' id='par_1_8' title="bbox 93 1693 1157 1777">
     <span class='ocr_line' id='line_1_16' title="bbox 93 1693 1157 1777; baseline -0.004 -16"><span class='ocrx_word' id='word_1_110' title='bbox 93 1713 125 1762; x_wconf 80' lang='lat'><strong>15</strong></span> <span class='ocrx_word' id='word_1_111' title='bbox 259 1694 294 1761; x_wconf 82' lang='grc'><strong>4.</strong></span> <span class='ocrx_word' id='word_1_112' title='bbox 334 1719 395 1762; x_wconf 81' lang='lat' dir='ltr'><strong>uvr</strong></span> <span class='ocrx_word' id='word_1_113' title='bbox 422 1718 504 1758; x_wconf 76' lang='lat' dir='ltr'><strong>sonu</strong></span> <span class='ocrx_word' id='word_1_114' title='bbox 531 1719 560 1757; x_wconf 85' lang='lat' dir='ltr'><strong>n.</strong></span> <span class='ocrx_word' id='word_1_115' title='bbox 580 1693 622 1777; x_wconf 60' lang='lat' dir='ltr'><strong>aa]</strong></span> <span class='ocrx_word' id='word_1_116' title='bbox 667 1699 887 1776; x_wconf 89' lang='lat' dir='ltr'><strong>Hipponactem</strong></span> <span class='ocrx_word' id='word_1_117' title='bbox 915 1699 1079 1777; x_wconf 76' lang='lat' dir='ltr'><strong>significat,</strong></span> <span class='ocrx_word' id='word_1_118' title='bbox 1107 1702 1157 1775; x_wconf 87' lang='lat' dir='ltr'><strong>qui</strong></span> 
     </span>
    </p>

    <p class='ocr_par' dir='ltr' id='par_1_9' title="bbox 79 1788 1156 1865">
     <span class='ocr_line' id='line_1_17' title="bbox 145 1788 1156 1865; baseline 0.002 -18.877"><span class='ocrx_word' id='word_1_119' title='bbox 145 1790 255 1864; x_wconf 87' lang='lat' dir='ltr'><strong>Bupali</strong></span> <span class='ocrx_word' id='word_1_120' title='bbox 277 1789 370 1847; x_wconf 84' lang='lat' dir='ltr'><strong>filiam</strong></span> <span class='ocrx_word' id='word_1_121' title='bbox 388 1791 515 1864; x_wconf 91' lang='lat' dir='ltr'><strong>nuptum</strong></span> <span class='ocrx_word' id='word_1_122' title='bbox 533 1789 622 1864; x_wconf 88' lang='lat' dir='ltr'><strong>petiit</strong></span> <span class='ocrx_word' id='word_1_123' title='bbox 641 1791 671 1847; x_wconf 92' lang='lat' dir='ltr'><strong>et</strong></span> <span class='ocrx_word' id='word_1_124' title='bbox 688 1806 742 1864; x_wconf 89' lang='lat' dir='ltr'><strong>pro</strong></span> <span class='ocrx_word' id='word_1_125' title='bbox 762 1788 951 1847; x_wconf 77' lang='lat' dir='ltr'><strong>deformitate</strong></span> <span class='ocrx_word' id='word_1_126' title='bbox 970 1792 1156 1865; x_wconf 90' lang='lat' dir='ltr'><strong>contemptus</strong></span> 
     </span>
    </p>

    <p class='ocr_par' dir='ltr' id='par_1_10' title="bbox 84 1870 1158 2131">
     <span class='ocr_line' id='line_1_18' title="bbox 84 1870 1157 1954; baseline 0 -18"><span class='ocrx_word' id='word_1_127' title='bbox 84 1870 86 1875; x_wconf 70' lang='grc'><strong>’</strong></span> <span class='ocrx_word' id='word_1_128' title='bbox 146 1881 197 1936; x_wconf 86' lang='lat' dir='ltr'><strong>est.</strong></span> <span class='ocrx_word' id='word_1_129' title='bbox 241 1876 321 1934; x_wconf 92' lang='lat' dir='ltr'><strong>Illud</strong></span> <span class='ocrx_word' id='word_1_130' title='bbox 344 1879 444 1935; x_wconf 89' lang='lat' dir='ltr'><strong>tamen</strong></span> <span class='ocrx_word' id='word_1_131' title='bbox 467 1878 567 1935; x_wconf 90' lang='lat' dir='ltr'><strong>uerius</strong></span> <span class='ocrx_word' id='word_1_132' title='bbox 590 1877 698 1936; x_wconf 89' lang='lat' dir='ltr'><strong>uolunt</strong></span> <span class='ocrx_word' id='word_1_133' title='bbox 715 1877 820 1936; x_wconf 86' lang='lat' dir='ltr'><strong>fuisse:</strong></span> <span class='ocrx_word' id='word_1_134' title='bbox 844 1878 996 1953; x_wconf 81' lang='lat' dir='ltr'><strong>Bupalum</strong></span> <span class='ocrx_word' id='word_1_135' title='bbox 1013 1879 1157 1954; x_wconf 88' lang='lat' dir='ltr'><strong>pictorem</strong></span> 
     </span>
     <span class='ocr_line' id='line_1_19' title="bbox 145 1958 1157 2047; baseline 0 -24"><span class='ocrx_word' id='word_1_136' title='bbox 145 1966 238 2024; x_wconf 86' lang='lat' dir='ltr'><strong>fuisse</strong></span> <span class='ocrx_word' id='word_1_137' title='bbox 252 1964 333 2041; x_wconf 90' lang='lat' dir='ltr'><strong>apud</strong></span> <span class='ocrx_word' id='word_1_138' title='bbox 346 1964 565 2023; x_wconf 86' lang='lat' dir='ltr'><strong>Laudiomenas</strong></span> <span class='ocrx_word' id='word_1_139' title='bbox 581 1958 751 2047; x_wconf 76' lang='lat' dir='ltr'><strong>(scripserat</strong></span> <span class='ocrx_word' id='word_1_140' title='bbox 763 1959 1070 2046; x_wconf 74' lang='lat' dir='ltr'><strong>sortlll‘adiomenas),</strong></span> <span class='ocrx_word' id='word_1_141' title='bbox 1088 1967 1157 2025; x_wconf 88' lang='lat' dir='ltr'><strong>ciui·</strong></span> 
     </span>
     <span class='ocr_line' id='line_1_20' title="bbox 145 2053 1158 2131; baseline 0 -19"><span class='ocrx_word' id='word_1_142' title='bbox 145 2056 239 2112; x_wconf 90' lang='lat' dir='ltr'><strong>tatem</strong></span> <span class='ocrx_word' id='word_1_143' title='bbox 253 2053 351 2112; x_wconf 89' lang='lat' dir='ltr'><strong>Asiae.</strong></span> <span class='ocrx_word' id='word_1_144' title='bbox 387 2053 445 2111; x_wconf 91' lang='lat' dir='ltr'><strong>Hic</strong></span> <span class='ocrx_word' id='word_1_145' title='bbox 459 2053 677 2130; x_wconf 87' lang='lat' dir='ltr'><strong>Hipponactem</strong></span> <span class='ocrx_word' id='word_1_146' title='bbox 696 2054 844 2129; x_wconf 89' lang='lat' dir='ltr'><strong>quendam</strong></span> <span class='ocrx_word' id='word_1_147' title='bbox 862 2058 984 2131; x_wconf 91' lang='lat' dir='ltr'><strong>poetam</strong></span> <span class='ocrx_word' id='word_1_148' title='bbox 997 2055 1158 2113; x_wconf 87' lang='lat' dir='ltr'><strong>deformem</strong></span> 
     </span>
    </p>

    <p class='ocr_par' dir='ltr' id='par_1_11' title="bbox 93 2142 1158 2221">
     <span class='ocr_line' id='line_1_21' title="bbox 93 2142 1158 2221; baseline -0.001 -19"><span class='ocrx_word' id='word_1_149' title='bbox 93 2154 128 2202; x_wconf 80' lang='lat'><strong>20</strong></span> <span class='ocrx_word' id='word_1_150' title='bbox 147 2161 200 2220; x_wconf 90' lang='lat' dir='ltr'><strong>pro</strong></span> <span class='ocrx_word' id='word_1_151' title='bbox 223 2143 285 2201; x_wconf 89' lang='lat' dir='ltr'><strong>risu</strong></span> <span class='ocrx_word' id='word_1_152' title='bbox 307 2143 433 2221; x_wconf 82' lang='lat' dir='ltr'><strong>pincxit3</strong></span> <span class='ocrx_word' id='word_1_153' title='bbox 461 2161 521 2218; x_wconf 93' lang='lat' dir='ltr'><strong>quo</strong></span> <span class='ocrx_word' id='word_1_154' title='bbox 544 2142 594 2201; x_wconf 91' lang='lat' dir='ltr'><strong>ille</strong></span> <span class='ocrx_word' id='word_1_155' title='bbox 618 2144 717 2201; x_wconf 86' lang='lat' dir='ltr'><strong>furore</strong></span> <span class='ocrx_word' id='word_1_156' title='bbox 740 2146 903 2202; x_wconf 90' lang='lat' dir='ltr'><strong>commotus</strong></span> <span class='ocrx_word' id='word_1_157' title='bbox 926 2143 983 2201; x_wconf 88' lang='lat' dir='ltr'><strong>tali</strong></span> <span class='ocrx_word' id='word_1_158' title='bbox 1006 2161 1075 2201; x_wconf 91' lang='lat' dir='ltr'><strong>eum</strong></span> <span class='ocrx_word' id='word_1_159' title='bbox 1098 2162 1158 2201; x_wconf 88' lang='lat' dir='ltr'><strong>car-</strong></span> 
     </span>
    </p>

    <p class='ocr_par' dir='ltr' id='par_1_12' title="bbox 78 2231 1158 2400">
     <span class='ocr_line' id='line_1_22' title="bbox 78 2231 1158 2310; baseline -0.002 -18"><span class='ocrx_word' id='word_1_160' title='bbox 78 2275 112 2310; x_wconf 67' lang='lat'><strong>„</strong></span> <span class='ocrx_word' id='word_1_161' title='bbox 146 2233 225 2292; x_wconf 88' lang='lat' dir='ltr'><strong>mine</strong></span> <span class='ocrx_word' id='word_1_162' title='bbox 243 2232 380 2307; x_wconf 88' lang='lat' dir='ltr'><strong>perculit,</strong></span> <span class='ocrx_word' id='word_1_163' title='bbox 398 2235 435 2290; x_wconf 93' lang='lat' dir='ltr'><strong>ut</strong></span> <span class='ocrx_word' id='word_1_164' title='bbox 453 2248 483 2289; x_wconf 91' lang='lat' dir='ltr'><strong>se</strong></span> <span class='ocrx_word' id='word_1_165' title='bbox 501 2231 610 2306; x_wconf 89' lang='lat' dir='ltr'><strong>laqueo</strong></span> <span class='ocrx_word' id='word_1_166' title='bbox 624 2231 822 2307; x_wconf 84' lang='lat' dir='ltr'><strong>suspenderet.</strong></span> <span class='ocrx_word' id='word_1_167' title='bbox 859 2231 944 2290; x_wconf 90' lang='lat' dir='ltr'><strong>Vnde</strong></span> <span class='ocrx_word' id='word_1_168' title='bbox 959 2251 1040 2290; x_wconf 92' lang='lat' dir='ltr'><strong>nunc</strong></span> <span class='ocrx_word' id='word_1_169' title='bbox 1054 2233 1158 2290; x_wconf 87' lang='lat' dir='ltr'><strong>similis</strong></span> 
     </span>
     <span class='ocr_line' id='line_1_23' title="bbox 147 2312 962 2400; baseline 0.001 -22"><span class='ocrx_word' id='word_1_170' title='bbox 147 2321 285 2379; x_wconf 83' lang='lat' dir='ltr'><strong>carminis</strong></span> <span class='ocrx_word' id='word_1_171' title='bbox 308 2322 371 2378; x_wconf 89' lang='lat' dir='ltr'><strong>uim</strong></span> <span class='ocrx_word' id='word_1_172' title='bbox 393 2319 538 2378; x_wconf 92' lang='lat' dir='ltr'><strong>maledico</strong></span> <span class='ocrx_word' id='word_1_173' title='bbox 561 2320 693 2377; x_wconf 87' lang='lat' dir='ltr'><strong>minatur</strong></span> <span class='ocrx_word' id='word_1_174' title='bbox 715 2319 859 2378; x_wconf 86' lang='lat' dir='ltr'><strong>Horatius</strong></span> <span class='ocrx_word' id='word_1_175' title='bbox 883 2312 962 2400; x_wconf 89' lang='lat' dir='ltr'><strong>(AV</strong></span> 
     </span>
    </p>

    <p class='ocr_par' dir='ltr' id='par_1_13' title="bbox 148 2408 1158 2572">
     <span class='ocr_line' id='line_1_24' title="bbox 235 2408 1158 2485; baseline -0.001 -19"><span class='ocrx_word' id='word_1_176' title='bbox 235 2409 392 2485; x_wconf 76' lang='lat' dir='ltr'><strong>*Ipponax</strong></span> <span class='ocrx_word' id='word_1_177' title='bbox 428 2409 555 2480; x_wconf 89' lang='lat' dir='ltr'><strong>scilicet,</strong></span> <span class='ocrx_word' id='word_1_178' title='bbox 588 2409 641 2481; x_wconf 87' lang='lat' dir='ltr'><strong>qui</strong></span> <span class='ocrx_word' id='word_1_179' title='bbox 676 2411 765 2484; x_wconf 91' lang='lat' dir='ltr'><strong>poeta</strong></span> <span class='ocrx_word' id='word_1_180' title='bbox 801 2411 865 2466; x_wconf 90' lang='lat' dir='ltr'><strong>erat</strong></span> <span class='ocrx_word' id='word_1_181' title='bbox 901 2408 1158 2484; x_wconf 86' lang='lat' dir='ltr'><strong>eloquentissimus</strong></span> 
     </span>
     <span class='ocr_line' id='line_1_25' title="bbox 148 2495 1158 2572; baseline 0 -18"><span class='ocrx_word' id='word_1_182' title='bbox 148 2496 235 2556; x_wconf 82' lang='lat' dir='ltr'><strong>foeda</strong></span> <span class='ocrx_word' id='word_1_183' title='bbox 257 2501 288 2556; x_wconf 90' lang='lat' dir='ltr'><strong>et</strong></span> <span class='ocrx_word' id='word_1_184' title='bbox 310 2499 420 2557; x_wconf 86' lang='lat' dir='ltr'><strong>uitiosa</strong></span> <span class='ocrx_word' id='word_1_185' title='bbox 442 2497 527 2555; x_wconf 87' lang='lat' dir='ltr'><strong>faeie.</strong></span> <span class='ocrx_word' id='word_1_186' title='bbox 572 2495 659 2554; x_wconf 90' lang='lat' dir='ltr'><strong>Hunc</strong></span> <span class='ocrx_word' id='word_1_187' title='bbox 682 2497 817 2572; x_wconf 87' lang='lat' dir='ltr'><strong>Bupalus</strong></span> <span class='ocrx_word' id='word_1_188' title='bbox 839 2496 936 2572; x_wconf 91' lang='lat' dir='ltr'><strong>pictor</strong></span> <span class='ocrx_word' id='word_1_189' title='bbox 958 2498 991 2554; x_wconf 90' lang='lat' dir='ltr'><strong>in</strong></span> <span class='ocrx_word' id='word_1_190' title='bbox 1014 2497 1158 2556; x_wconf 85' lang='lat' dir='ltr'><strong>Panathe-</strong></span> 
     </span>
    </p>

    <p class='ocr_par' dir='ltr' id='par_1_14' title="bbox 94 2585 1158 2662">
     <span class='ocr_line' id='line_1_26' title="bbox 94 2585 1158 2662; baseline -0.001 -19"><span class='ocrx_word' id='word_1_191' title='bbox 94 2596 129 2645; x_wconf 73' lang='lat'><strong>25</strong></span> <span class='ocrx_word' id='word_1_192' title='bbox 148 2587 229 2644; x_wconf 82' lang='lat' dir='ltr'><strong>neeis</strong></span> <span class='ocrx_word' id='word_1_193' title='bbox 257 2587 371 2661; x_wconf 88' lang='lat' dir='ltr'><strong>pictum</strong></span> <span class='ocrx_word' id='word_1_194' title='bbox 398 2585 567 2662; x_wconf 84' lang='lat' dir='ltr'><strong>proposuit,</strong></span> <span class='ocrx_word' id='word_1_195' title='bbox 597 2587 633 2642; x_wconf 93' lang='lat' dir='ltr'><strong>ut</strong></span> <span class='ocrx_word' id='word_1_196' title='bbox 659 2585 753 2642; x_wconf 89' lang='lat' dir='ltr'><strong>risum</strong></span> <span class='ocrx_word' id='word_1_197' title='bbox 780 2587 912 2643; x_wconf 90' lang='lat' dir='ltr'><strong>moueret</strong></span> <span class='ocrx_word' id='word_1_198' title='bbox 939 2586 1060 2661; x_wconf 92' lang='lat' dir='ltr'><strong>populo.</strong></span> <span class='ocrx_word' id='word_1_199' title='bbox 1105 2586 1158 2643; x_wconf 91' lang='lat' dir='ltr'><strong>Ille</strong></span> 
     </span>
    </p>
   </div>
   <div class='ocr_carea' id='block_1_4' title="bbox 128 2787 1176 3648">
    <p class='ocr_par' dir='ltr' id='par_1_15' title="bbox 128 2787 1176 3648">
     <span class='ocr_line' id='line_1_27' title="bbox 237 2787 1159 2858; baseline -0.001 -16"><span class='ocrx_word' id='word_1_200' title='bbox 237 2794 254 2841; x_wconf 84' lang='lat'>4</span> <span class='ocrx_word' id='word_1_201' title='bbox 268 2788 347 2842; x_wconf 89' lang='lat' dir='ltr'><strong>cuius</strong></span> <span class='ocrx_word' id='word_1_202' title='bbox 363 2820 396 2828; x_wconf 88' lang='lat'>—</span> <span class='ocrx_word' id='word_1_203' title='bbox 410 2787 522 2858; x_wconf 88' lang='lat' dir='ltr'><strong>habuit]</strong></span> <span class='ocrx_word' id='word_1_204' title='bbox 536 2804 587 2841; x_wconf 86' lang='lat' dir='ltr'><strong>om.</strong></span> <span class='ocrx_word' id='word_1_205' title='bbox 597 2788 625 2840; x_wconf 91' lang='lat' dir='ltr'><strong><em>A</em></strong></span> <span class='ocrx_word' id='word_1_206' title='bbox 639 2794 752 2856; x_wconf 80' lang='lat' dir='ltr'><strong>propter</strong></span> <span class='ocrx_word' id='word_1_207' title='bbox 767 2788 993 2843; x_wconf 77' lang='lat' dir='ltr'><strong>homoeoteleuton</strong></span> <span class='ocrx_word' id='word_1_208' title='bbox 1066 2789 1159 2842; x_wconf 88' lang='lat' dir='ltr'><strong>licam-</strong></span> 
     </span>
     <span class='ocr_line' id='line_1_28' title="bbox 150 2858 1164 2982; baseline 0.001 -71"><span class='ocrx_word' id='word_1_209' title='bbox 150 2860 197 2912; x_wconf 85' lang='lat' dir='ltr'><strong>bes</strong></span> <span class='ocrx_word' id='word_1_210' title='bbox 215 2859 317 2913; x_wconf 88' lang='lat' dir='ltr'><strong>habuit</strong></span> <span class='ocrx_word' id='word_1_211' title='bbox 334 2860 389 2982; x_wconf 53' lang='lat' dir='ltr'><strong>epp)</strong></span> <span class='ocrx_word' id='word_1_212' title='bbox 402 2858 522 2912; x_wconf 87' lang='lat' dir='ltr'><strong>licambe</strong></span> <span class='ocrx_word' id='word_1_213' title='bbox 540 2858 642 2911; x_wconf 89' lang='lat' dir='ltr'><strong>habuit</strong></span> <span class='ocrx_word' id='word_1_214' title='bbox 662 2861 687 2912; x_wconf 91' lang='lat' dir='ltr'><strong>V</strong></span> <span class='ocrx_word' id='word_1_215' title='bbox 756 2858 910 2912; x_wconf 78' lang='lat' dir='ltr'><strong>oneobule</strong></span> <span class='ocrx_word' id='word_1_216' title='bbox 929 2860 957 2912; x_wconf 91' lang='lat' dir='ltr'><strong><em>A</em></strong></span> <span class='ocrx_word' id='word_1_217' title='bbox 979 2860 1120 2912; x_wconf 91' lang='lat' dir='ltr'><strong>neobulen</strong></span> <span class='ocrx_word' id='word_1_218' title='bbox 1139 2861 1164 2912; x_wconf 93' lang='lat' dir='ltr'><strong>V</strong></span> 
     </span>
     <span class='ocr_line' id='line_1_29' title="bbox 150 2928 1160 2999; baseline 0 -17"><span class='ocrx_word' id='word_1_219' title='bbox 150 2928 266 2984; x_wconf 89' lang='lat' dir='ltr'><strong>eobolen</strong></span> <span class='ocrx_word' id='word_1_220' title='bbox 285 2948 299 2984; x_wconf 90' lang='lat' dir='ltr'><strong>c</strong></span> <span class='ocrx_word' id='word_1_221' title='bbox 316 2945 369 2983; x_wconf 88' lang='lat' dir='ltr'><strong>neo</strong></span> <span class='ocrx_word' id='word_1_222' title='bbox 391 2929 463 2982; x_wconf 90' lang='lat' dir='ltr'><strong>olem</strong></span> <span class='ocrx_word' id='word_1_223' title='bbox 478 2946 500 2997; x_wconf 83' lang='lat' dir='ltr'><strong>p</strong></span> <span class='ocrx_word' id='word_1_224' title='bbox 580 2934 595 2981; x_wconf 83' lang='lat'><strong>6</strong></span> <span class='ocrx_word' id='word_1_225' title='bbox 615 2929 683 2982; x_wconf 85' lang='lat' dir='ltr'><strong>date</strong></span> <span class='ocrx_word' id='word_1_226' title='bbox 703 2932 745 2982; x_wconf 90' lang='lat' dir='ltr'><strong>est</strong></span> <span class='ocrx_word' id='word_1_227' title='bbox 764 2946 781 2983; x_wconf 93' lang='lat' dir='ltr'><strong>a</strong></span> <span class='ocrx_word' id='word_1_228' title='bbox 798 2933 880 2999; x_wconf 89' lang='lat' dir='ltr'><strong>patre</strong></span> <span class='ocrx_word' id='word_1_229' title='bbox 899 2930 938 2999; x_wconf 92' lang='lat' dir='ltr'><strong>A]</strong></span> <span class='ocrx_word' id='word_1_230' title='bbox 958 2932 1076 2997; x_wconf 81' lang='lat' dir='ltr'><strong>epatre</strong></span> <span class='ocrx_word' id='word_1_231' title='bbox 1095 2932 1160 2984; x_wconf 86' lang='lat' dir='ltr'><strong>data</strong></span> 
     </span>
     <span class='ocr_line' id='line_1_30' title="bbox 150 2999 1161 3070; baseline 0.003 -19"><span class='ocrx_word' id='word_1_232' title='bbox 150 3001 193 3052; x_wconf 88' lang='lat' dir='ltr'><strong>est</strong></span> <span class='ocrx_word' id='word_1_233' title='bbox 211 3001 238 3053; x_wconf 93' lang='lat' dir='ltr'><strong>V</strong></span> <span class='ocrx_word' id='word_1_234' title='bbox 307 3006 321 3052; x_wconf 76' lang='lat'><strong>7</strong></span> <span class='ocrx_word' id='word_1_235' title='bbox 341 3000 511 3053; x_wconf 90' lang='lat' dir='ltr'><strong>maledicum</strong></span> <span class='ocrx_word' id='word_1_236' title='bbox 525 3000 559 3070; x_wconf 81' lang='lat' dir='ltr'><strong>p]</strong></span> <span class='ocrx_word' id='word_1_237' title='bbox 578 2999 761 3053; x_wconf 88' lang='lat' dir='ltr'><strong>maledictum</strong></span> <span class='ocrx_word' id='word_1_238' title='bbox 774 3002 846 3055; x_wconf 84' lang='lat' dir='ltr'><strong>AVo</strong></span> <span class='ocrx_word' id='word_1_239' title='bbox 918 3000 1086 3054; x_wconf 74' lang='lat' dir='ltr'><strong>Slicambes</strong></span> <span class='ocrx_word' id='word_1_240' title='bbox 1100 3007 1161 3055; x_wconf 78' lang='lat' dir='ltr'><strong>oute</strong></span> 
     </span>
     <span class='ocr_line' id='line_1_31' title="bbox 149 3070 1161 3141; baseline 0.003 -19"><span class='ocrx_word' id='word_1_241' title='bbox 149 3071 229 3122; x_wconf 87' lang='lat' dir='ltr'><strong>tanto</strong></span> <span class='ocrx_word' id='word_1_242' title='bbox 248 3071 345 3124; x_wconf 69' lang='lat' dir='ltr'><strong>leserit</strong></span> <span class='ocrx_word' id='word_1_243' title='bbox 362 3088 384 3136; x_wconf 90' lang='lat' dir='ltr'><strong>c,</strong></span> <span class='ocrx_word' id='word_1_244' title='bbox 398 3078 461 3139; x_wconf 76' lang='lat' dir='ltr'><strong>posi</strong></span> <span class='ocrx_word' id='word_1_245' title='bbox 480 3070 639 3139; x_wconf 89' lang='lat' dir='ltr'><strong>compulsus</strong></span> <span class='ocrx_word' id='word_1_246' title='bbox 654 3087 684 3138; x_wconf 80' lang='lat' dir='ltr'><strong>p,</strong></span> <span class='ocrx_word' id='word_1_247' title='bbox 704 3086 754 3124; x_wconf 85' lang='lat' dir='ltr'><strong>om.</strong></span> <span class='ocrx_word' id='word_1_248' title='bbox 769 3073 830 3125; x_wconf 89' lang='lat' dir='ltr'><strong>AV</strong></span> <span class='ocrx_word' id='word_1_249' title='bbox 896 3072 998 3138; x_wconf 89' lang='lat' dir='ltr'><strong>laqueo</strong></span> <span class='ocrx_word' id='word_1_250' title='bbox 1017 3072 1109 3124; x_wconf 90' lang='lat' dir='ltr'><strong>uitam</strong></span> <span class='ocrx_word' id='word_1_251' title='bbox 1123 3073 1161 3141; x_wconf 89' lang='lat' dir='ltr'><strong>A]</strong></span> 
     </span>
     <span class='ocr_line' id='line_1_32' title="bbox 149 3139 1162 3212; baseline 0.005 -21"><span class='ocrx_word' id='word_1_252' title='bbox 149 3140 240 3193; x_wconf 86' lang='lat' dir='ltr'><strong>uitam</strong></span> <span class='ocrx_word' id='word_1_253' title='bbox 257 3139 358 3209; x_wconf 88' lang='lat' dir='ltr'><strong>laqueo</strong></span> <span class='ocrx_word' id='word_1_254' title='bbox 370 3143 429 3209; x_wconf 79' lang='lat' dir='ltr'><strong>ch</strong></span> <span class='ocrx_word' id='word_1_255' title='bbox 502 3147 535 3195; x_wconf 83' lang='lat'><strong>15</strong></span> <span class='ocrx_word' id='word_1_256' title='bbox 553 3141 752 3210; x_wconf 84' lang='lat' dir='ltr'><strong>hipponaotem</strong></span> <span class='ocrx_word' id='word_1_257' title='bbox 768 3143 802 3212; x_wconf 79' lang='lat' dir='ltr'><strong>p]</strong></span> <span class='ocrx_word' id='word_1_258' title='bbox 820 3143 979 3210; x_wconf 74' lang='lat' dir='ltr'><strong>ypponacte</strong></span> <span class='ocrx_word' id='word_1_259' title='bbox 995 3144 1023 3196; x_wconf 93' lang='lat' dir='ltr'><strong>A</strong></span> <span class='ocrx_word' id='word_1_260' title='bbox 1040 3159 1162 3210; x_wconf 79' lang='lat' dir='ltr'><strong>yponae-</strong></span> 
     </span>
     <span class='ocr_line' id='line_1_33' title="bbox 149 3211 1163 3282; baseline 0.002 -19"><span class='ocrx_word' id='word_1_261' title='bbox 149 3213 208 3263; x_wconf 89' lang='lat' dir='ltr'><strong>tem</strong></span> <span class='ocrx_word' id='word_1_262' title='bbox 224 3227 240 3265; x_wconf 88' lang='lat' dir='ltr'><strong>c</strong></span> <span class='ocrx_word' id='word_1_263' title='bbox 257 3211 388 3278; x_wconf 72' lang='lat' dir='ltr'><strong>iponactd</strong></span> <span class='ocrx_word' id='word_1_264' title='bbox 408 3213 435 3266; x_wconf 93' lang='lat' dir='ltr'><strong>V</strong></span> <span class='ocrx_word' id='word_1_265' title='bbox 503 3217 535 3265; x_wconf 82' lang='grc'><strong>17</strong></span> <span class='ocrx_word' id='word_1_266' title='bbox 554 3211 641 3265; x_wconf 77' lang='lat' dir='ltr'><strong>frusse</strong></span> <span class='ocrx_word' id='word_1_267' title='bbox 658 3212 795 3280; x_wconf 86' lang='lat' dir='ltr'><strong>bupalum</strong></span> <span class='ocrx_word' id='word_1_268' title='bbox 809 3212 954 3282; x_wconf 87' lang='lat' dir='ltr'><strong>(bubalum</strong></span> <span class='ocrx_word' id='word_1_269' title='bbox 974 3214 1011 3281; x_wconf 88' lang='lat' dir='ltr'><strong>V)</strong></span> <span class='ocrx_word' id='word_1_270' title='bbox 1025 3214 1163 3281; x_wconf 89' lang='lat' dir='ltr'><strong>pictorem</strong></span> 
     </span>
     <span class='ocr_line' id='line_1_34' title="bbox 150 3279 1162 3351; baseline 0.005 -19"><span class='ocrx_word' id='word_1_271' title='bbox 150 3279 237 3333; x_wconf 83' lang='lat' dir='ltr'><strong>fuisse</strong></span> <span class='ocrx_word' id='word_1_272' title='bbox 256 3281 331 3349; x_wconf 88' lang='lat' dir='ltr'><strong>apud</strong></span> <span class='ocrx_word' id='word_1_273' title='bbox 351 3284 398 3350; x_wconf 76' lang='lat' dir='ltr'><strong>(ap</strong></span> <span class='ocrx_word' id='word_1_274' title='bbox 418 3283 454 3350; x_wconf 81' lang='lat' dir='ltr'><strong>V)</strong></span> <span class='ocrx_word' id='word_1_275' title='bbox 469 3282 534 3348; x_wconf 91' lang='lat' dir='ltr'><strong>AV,</strong></span> <span class='ocrx_word' id='word_1_276' title='bbox 551 3283 699 3337; x_wconf 75' lang='lat' dir='ltr'><strong>secundom</strong></span> <span class='ocrx_word' id='word_1_277' title='bbox 717 3283 804 3337; x_wconf 91' lang='lat' dir='ltr'><strong>fuisse</strong></span> <span class='ocrx_word' id='word_1_278' title='bbox 824 3301 873 3337; x_wconf 86' lang='lat' dir='ltr'><strong>om.</strong></span> <span class='ocrx_word' id='word_1_279' title='bbox 889 3300 927 3351; x_wconf 79' lang='lat' dir='ltr'><strong>cp</strong></span> <span class='ocrx_word' id='word_1_280' title='bbox 1001 3289 1033 3337; x_wconf 83' lang='lat'><strong>18</strong></span> <span class='ocrx_word' id='word_1_281' title='bbox 1053 3283 1162 3338; x_wconf 79' lang='lat' dir='ltr'><strong>laudio</strong></span> 
     </span>
     <span class='ocr_line' id='line_1_35' title="bbox 150 3352 1163 3426; baseline 0.007 -25"><span class='ocrx_word' id='word_1_282' title='bbox 150 3365 246 3404; x_wconf 87' lang='lat' dir='ltr'><strong>menas</strong></span> <span class='ocrx_word' id='word_1_283' title='bbox 260 3353 355 3421; x_wconf 79' lang='lat' dir='ltr'><strong>Ach</strong></span> <span class='ocrx_word' id='word_1_284' title='bbox 373 3352 547 3407; x_wconf 79' lang='lat' dir='ltr'><strong>clazomenae</strong></span> <span class='ocrx_word' id='word_1_285' title='bbox 566 3354 627 3407; x_wconf 85' lang='lat' dir='ltr'><strong>edit.</strong></span> <span class='ocrx_word' id='word_1_286' title='bbox 642 3359 694 3407; x_wconf 78' lang='lat' dir='ltr'><strong>aet.</strong></span> <span class='ocrx_word' id='word_1_287' title='bbox 769 3359 801 3407; x_wconf 88' lang='grc'><strong>19</strong></span> <span class='ocrx_word' id='word_1_288' title='bbox 820 3354 1021 3422; x_wconf 87' lang='lat' dir='ltr'><strong>hipponactem</strong></span> <span class='ocrx_word' id='word_1_289' title='bbox 1032 3356 1067 3426; x_wconf 82' lang='lat' dir='ltr'><strong>p]</strong></span> <span class='ocrx_word' id='word_1_290' title='bbox 1084 3357 1163 3424; x_wconf 91' lang='lat' dir='ltr'><strong>ippo-</strong></span> 
     </span>
     <span class='ocr_line' id='line_1_36' title="bbox 151 3424 1129 3496; baseline 0.005 -22"><span class='ocrx_word' id='word_1_291' title='bbox 151 3424 262 3475; x_wconf 87' lang='lat' dir='ltr'><strong>nactem</strong></span> <span class='ocrx_word' id='word_1_292' title='bbox 287 3424 315 3476; x_wconf 92' lang='lat' dir='ltr'><strong>A</strong></span> <span class='ocrx_word' id='word_1_293' title='bbox 341 3425 472 3492; x_wconf 78' lang='lat' dir='ltr'><strong>iponacte</strong></span> <span class='ocrx_word' id='word_1_294' title='bbox 492 3425 519 3477; x_wconf 94' lang='lat' dir='ltr'><strong>V</strong></span> <span class='ocrx_word' id='word_1_295' title='bbox 541 3426 742 3494; x_wconf 81' lang='lat' dir='ltr'><strong>yponactemc</strong></span> <span class='ocrx_word' id='word_1_296' title='bbox 849 3424 1015 3496; x_wconf 86' lang='lat' dir='ltr'><strong>deformem]</strong></span> <span class='ocrx_word' id='word_1_297' title='bbox 1034 3442 1085 3480; x_wconf 84' lang='lat' dir='ltr'><strong>om.</strong></span> <span class='ocrx_word' id='word_1_298' title='bbox 1101 3427 1129 3479; x_wconf 91' lang='lat' dir='ltr'><strong>A</strong></span> 
     </span>
     <span class='ocr_line' id='line_1_37' title="bbox 128 3494 1163 3571; baseline 0.001 -25"><span class='ocrx_word' id='word_1_299' title='bbox 128 3494 661 3571; x_wconf 65' lang='lat' dir='ltr'><strong>⁴prorisupolproriuuVrisucoruA</strong></span> <span class='ocrx_word' id='word_1_300' title='bbox 757 3496 1163 3562; x_wconf 58' lang='lat' dir='ltr'><strong>‘lop&#39;inonitnutoldlpinxit</strong></span> 
     </span>
     <span class='ocr_line' id='line_1_38' title="bbox 140 3561 1176 3648; baseline -0.013 -23"><span class='ocrx_word' id='word_1_301' title='bbox 140 3569 203 3639; x_wconf 72' lang='lat' dir='ltr'><em>ch</em></span> <span class='ocrx_word' id='word_1_302' title='bbox 279 3578 316 3630; x_wconf 81' lang='lat'><strong>24</strong></span> <span class='ocrx_word' id='word_1_303' title='bbox 334 3569 571 3648; x_wconf 52' lang='lat' dir='ltr'><strong>panathenaicis]</strong></span> <span class='ocrx_word' id='word_1_304' title='bbox 585 3568 669 3624; x_wconf 74' lang='lat' dir='ltr'><strong>baua</strong></span> <span class='ocrx_word' id='word_1_305' title='bbox 683 3565 757 3619; x_wconf 70' lang='lat' dir='ltr'><strong>tues</strong></span> <span class='ocrx_word' id='word_1_306' title='bbox 767 3565 845 3627; x_wconf 62' lang='lat' dir='ltr'><strong>nass</strong></span> <span class='ocrx_word' id='word_1_307' title='bbox 861 3561 1046 3627; x_wconf 63' lang='lat' dir='ltr'><strong>panatneosr</strong></span> <span class='ocrx_word' id='word_1_308' title='bbox 1063 3566 1176 3612; x_wconf 59' lang='lat' dir='ltr'><strong>scenae</strong></span> 
     </span>
    </p>
   </div>
   <div class='ocr_carea' id='block_1_5' title="bbox 0 0 1251 3840">
    <p class='ocr_par' dir='ltr' id='par_1_16' title="bbox 0 0 1251 3840">
     <span class='ocr_line' id='line_1_39' title="bbox 0 0 1251 3840; baseline 0 0"><span class='ocrx_word' id='word_1_309' title='bbox 0 0 1251 3840; x_wconf 95' lang='lat' dir='ltr'><strong> </strong></span> 
     </span>
    </p>
   </div>
  </div>
 </body>
</html>
