<?xml version="1.0" encoding="UTF-8"?>
<!DOCTYPE html PUBLIC "-//W3C//DTD XHTML 1.0 Transitional//EN"
    "http://www.w3.org/TR/xhtml1/DTD/xhtml1-transitional.dtd">
<html xmlns="http://www.w3.org/1999/xhtml" xml:lang="en" lang="en">
 <head>
  <title>
</title>
<meta http-equiv="Content-Type" content="text/html;charset=utf-8" />
  <meta name='ocr-system' content='tesseract 3.04.00' />
  <meta name='ocr-capabilities' content='ocr_page ocr_carea ocr_par ocr_line ocrx_word'/>
</head>
<body>
  <div class='ocr_page' id='page_1' title='image "./pseudacronissch00kellgoog/pseudacronissch00kellgoog_0378.png"; bbox 0 0 2490 3840; ppageno 0'>
   <div class='ocr_carea' id='block_1_1' title="bbox 468 169 1092 239">
    <p class='ocr_par' dir='ltr' id='par_1_1' title="bbox 468 169 1092 239">
     <span class='ocr_line' id='line_1_1' title="bbox 468 169 1092 239; baseline 0 -13"><span class='ocrx_word' id='word_1_1' title='bbox 468 196 470 203; x_wconf 93' lang='lat'>·</span> <span class='ocrx_word' id='word_1_2' title='bbox 495 169 603 227; x_wconf 80' lang='lat' dir='ltr'><strong>GARM.</strong></span> <span class='ocrx_word' id='word_1_3' title='bbox 615 171 667 226; x_wconf 87' lang='lat'>1111</span> <span class='ocrx_word' id='word_1_4' title='bbox 681 178 698 226; x_wconf 83' lang='grc'><strong>9</strong></span> <span class='ocrx_word' id='word_1_5' title='bbox 1028 171 1092 239; x_wconf 74' lang='lat'>35]</span> 
     </span>
    </p>
   </div>
   <div class='ocr_carea' id='block_1_2' title="bbox 89 339 1094 602">
    <p class='ocr_par' dir='ltr' id='par_1_2' title="bbox 89 339 1094 602">
     <span class='ocr_line' id='line_1_2' title="bbox 89 339 1094 418; baseline 0.001 -18"><span class='ocrx_word' id='word_1_6' title='bbox 89 343 138 401; x_wconf 93' lang='lat' dir='ltr'>uel</span> <span class='ocrx_word' id='word_1_7' title='bbox 162 345 233 418; x_wconf 86' lang='lat' dir='ltr'>quia</span> <span class='ocrx_word' id='word_1_8' title='bbox 255 361 314 401; x_wconf 91' lang='lat' dir='ltr'>non</span> <span class='ocrx_word' id='word_1_9' title='bbox 336 343 400 401; x_wconf 92' lang='lat' dir='ltr'>sola</span> <span class='ocrx_word' id='word_1_10' title='bbox 422 341 536 402; x_wconf 89' lang='lat' dir='ltr'>Helena</span> <span class='ocrx_word' id='word_1_11' title='bbox 559 343 677 401; x_wconf 42' lang='lat' dir='ltr'>amauit*</span> <span class='ocrx_word' id='word_1_12' title='bbox 695 340 846 416; x_wconf 82' lang='lat' dir='ltr'>Paridem3</span> <span class='ocrx_word' id='word_1_13' title='bbox 872 361 942 399; x_wconf 92' lang='lat' dir='ltr'>nam</span> <span class='ocrx_word' id='word_1_14' title='bbox 964 343 995 400; x_wconf 75' lang='lat' dir='ltr'>et</span> <span class='ocrx_word' id='word_1_15' title='bbox 1017 339 1094 401; x_wconf 85' lang='lat' dir='ltr'>aliae</span> 
     </span>
     <span class='ocr_line' id='line_1_3' title="bbox 89 429 1094 510; baseline -0.001 -20"><span class='ocrx_word' id='word_1_16' title='bbox 89 433 195 490; x_wconf 87' lang='lat' dir='ltr'>similis</span> <span class='ocrx_word' id='word_1_17' title='bbox 218 432 322 507; x_wconf 86' lang='lat' dir='ltr'>culpae</span> <span class='ocrx_word' id='word_1_18' title='bbox 345 432 473 506; x_wconf 78' lang='lat' dir='ltr'>fuerunt,</span> <span class='ocrx_word' id='word_1_19' title='bbox 496 431 547 491; x_wconf 88' lang='lat' dir='ltr'>sed</span> <span class='ocrx_word' id='word_1_20' title='bbox 567 432 662 510; x_wconf 82' lang='lat' dir='ltr'>magis</span> <span class='ocrx_word' id='word_1_21' title='bbox 680 431 752 490; x_wconf 88' lang='lat' dir='ltr'>haec</span> <span class='ocrx_word' id='word_1_22' title='bbox 770 430 884 490; x_wconf 88' lang='lat' dir='ltr'>famosa</span> <span class='ocrx_word' id='word_1_23' title='bbox 902 431 948 490; x_wconf 76' lang='lat' dir='ltr'>est</span> <span class='ocrx_word' id='word_1_24' title='bbox 965 429 1094 489; x_wconf 85' lang='lat' dir='ltr'>carmine</span> 
     </span>
     <span class='ocr_line' id='line_1_4' title="bbox 89 512 346 602; baseline 0.004 -23"><span class='ocrx_word' id='word_1_25' title='bbox 89 524 244 596; x_wconf 78' lang='lat' dir='ltr'>poetarum</span> <span class='ocrx_word' id='word_1_26' title='bbox 268 512 346 602; x_wconf 98' lang='lat' dir='ltr'>(AV</span> 
     </span>
    </p>
   </div>
   <div class='ocr_carea' id='block_1_3' title="bbox 88 619 1147 974">
    <p class='ocr_par' dir='ltr' id='par_1_3' title="bbox 88 619 1147 974">
     <span class='ocr_line' id='line_1_5' title="bbox 181 619 1094 705; baseline 0 -20"><span class='ocrx_word' id='word_1_27' title='bbox 181 619 237 687; x_wconf 79' lang='lat'>17.</span> <span class='ocrx_word' id='word_1_28' title='bbox 260 643 434 692; x_wconf 71' lang='lat' dir='ltr'>mmrsovu</span> <span class='ocrx_word' id='word_1_29' title='bbox 452 621 586 705; x_wconf 69' lang='lat' dir='ltr'>umora]</span> <span class='ocrx_word' id='word_1_30' title='bbox 628 626 796 686; x_wconf 81' lang='lat' dir='ltr'>Telamonis</span> <span class='ocrx_word' id='word_1_31' title='bbox 813 625 892 686; x_wconf 86' lang='lat' dir='ltr'>filius</span> <span class='ocrx_word' id='word_1_32' title='bbox 910 626 948 686; x_wconf 91' lang='lat' dir='ltr'>ab</span> <span class='ocrx_word' id='word_1_33' title='bbox 965 624 1094 685; x_wconf 83' lang='lat' dir='ltr'>Homero</span> 
     </span>
     <span class='ocr_line' id='line_1_6' title="bbox 88 713 1147 794; baseline 0 -20"><span class='ocrx_word' id='word_1_34' title='bbox 88 715 239 774; x_wconf 79' lang='lat' dir='ltr'><strong>inducitur</strong></span> <span class='ocrx_word' id='word_1_35' title='bbox 257 717 376 794; x_wconf 73' lang='lat' dir='ltr'>sagittis</span> <span class='ocrx_word' id='word_1_36' title='bbox 394 716 571 792; x_wconf 76' lang='lat' dir='ltr'>peritissime</span> <span class='ocrx_word' id='word_1_37' title='bbox 589 733 674 790; x_wconf 86' lang='lat' dir='ltr'>usus;</span> <span class='ocrx_word' id='word_1_38' title='bbox 697 714 825 774; x_wconf 80' lang='lat' dir='ltr'>Oidoneo</span> <span class='ocrx_word' id='word_1_39' title='bbox 844 717 943 775; x_wconf 75' lang='lat' dir='ltr'>aulem</span> <span class='ocrx_word' id='word_1_40' title='bbox 963 713 1095 774; x_wconf 77' lang='lat' dir='ltr'><strong>Cretensi</strong></span> <span class='ocrx_word' id='word_1_41' title='bbox 1130 725 1147 774; x_wconf 78' lang='lat' dir='ltr'>o</span> 
     </span>
     <span class='ocr_line' id='line_1_7' title="bbox 90 802 1094 880; baseline 0 -17"><span class='ocrx_word' id='word_1_42' title='bbox 90 823 108 863; x_wconf 88' lang='lat' dir='ltr'>a</span> <span class='ocrx_word' id='word_1_43' title='bbox 141 803 270 864; x_wconf 78' lang='lat' dir='ltr'>Oidonea</span> <span class='ocrx_word' id='word_1_44' title='bbox 301 804 436 879; x_wconf 77' lang='lat' dir='ltr'>ciuitate,</span> <span class='ocrx_word' id='word_1_45' title='bbox 471 803 524 862; x_wconf 88' lang='lat' dir='ltr'>ubi</span> <span class='ocrx_word' id='word_1_46' title='bbox 554 804 684 879; x_wconf 91' lang='lat' dir='ltr'>primum</span> <span class='ocrx_word' id='word_1_47' title='bbox 715 803 751 863; x_wconf 91' lang='lat' dir='ltr'>de</span> <span class='ocrx_word' id='word_1_48' title='bbox 782 803 926 880; x_wconf 79' lang='lat' dir='ltr'>pecudum</span> <span class='ocrx_word' id='word_1_49' title='bbox 958 802 1094 863; x_wconf 88' lang='lat' dir='ltr'>cornibus</span> 
     </span>
     <span class='ocr_line' id='line_1_8' title="bbox 91 884 879 974; baseline -0.001 -23"><span class='ocrx_word' id='word_1_50' title='bbox 91 911 175 953; x_wconf 88' lang='lat' dir='ltr'>arcus</span> <span class='ocrx_word' id='word_1_51' title='bbox 198 895 296 953; x_wconf 74' lang='lat' dir='ltr'>ornati</span> <span class='ocrx_word' id='word_1_52' title='bbox 319 896 397 969; x_wconf 77' lang='lat' dir='ltr'>sunt,</span> <span class='ocrx_word' id='word_1_53' title='bbox 418 894 454 951; x_wconf 79' lang='lat' dir='ltr'>ub</span> <span class='ocrx_word' id='word_1_54' title='bbox 477 884 580 973; x_wconf 74' lang='lat' dir='ltr'>(Verq.</span> <span class='ocrx_word' id='word_1_55' title='bbox 599 893 647 952; x_wconf 86' lang='lat' dir='ltr'>ecl.</span> <span class='ocrx_word' id='word_1_56' title='bbox 668 895 719 968; x_wconf 84' lang='lat'>10,</span> <span class='ocrx_word' id='word_1_57' title='bbox 738 893 788 952; x_wconf 84' lang='lat'>59.</span> <span class='ocrx_word' id='word_1_58' title='bbox 809 884 879 974; x_wconf 80' lang='lat'>60):</span> 
     </span>
    </p>
   </div>
   <div class='ocr_carea' id='block_1_4' title="bbox 249 1013 914 1188">
    <p class='ocr_par' dir='ltr' id='par_1_4' title="bbox 249 1013 914 1188">
     <span class='ocr_line' id='line_1_9' title="bbox 672 1013 914 1076; baseline -0.004 -1"><span class='ocrx_word' id='word_1_59' title='bbox 672 1013 801 1076; x_wconf 80' lang='lat' dir='ltr'>Oidonea</span> <span class='ocrx_word' id='word_1_60' title='bbox 824 1034 914 1075; x_wconf 91' lang='lat' dir='ltr'>cornu</span> 
     </span>
     <span class='ocr_line' id='line_1_10' title="bbox 249 1098 470 1188; baseline 0.005 -24"><span class='ocrx_word' id='word_1_61' title='bbox 249 1104 369 1182; x_wconf 78' lang='lat' dir='ltr'>Spicula</span> <span class='ocrx_word' id='word_1_62' title='bbox 392 1098 470 1188; x_wconf 98' lang='lat' dir='ltr'>(AV</span> 
     </span>
    </p>
   </div>
   <div class='ocr_carea' id='block_1_5' title="bbox 83 1240 1160 1718">
    <p class='ocr_par' dir='ltr' id='par_1_5' title="bbox 83 1240 1160 1627">
     <span class='ocr_line' id='line_1_11' title="bbox 181 1240 1148 1325; baseline 0.002 -20"><span class='ocrx_word' id='word_1_63' title='bbox 181 1240 237 1307; x_wconf 91' lang='lat'>18.</span> <span class='ocrx_word' id='word_1_64' title='bbox 260 1265 322 1306; x_wconf 77' lang='lat' dir='ltr'>nou</span> <span class='ocrx_word' id='word_1_65' title='bbox 342 1240 455 1325; x_wconf 77' lang='lat' dir='ltr'>suurn]</span> <span class='ocrx_word' id='word_1_66' title='bbox 485 1245 533 1306; x_wconf 88' lang='lat' dir='ltr'>Ab</span> <span class='ocrx_word' id='word_1_67' title='bbox 547 1245 674 1306; x_wconf 80' lang='lat' dir='ltr'>Hercule</span> <span class='ocrx_word' id='word_1_68' title='bbox 693 1246 772 1306; x_wconf 88' lang='lat' dir='ltr'>enim</span> <span class='ocrx_word' id='word_1_69' title='bbox 790 1249 858 1306; x_wconf 75' lang='lat' dir='ltr'>ante</span> <span class='ocrx_word' id='word_1_70' title='bbox 876 1263 979 1306; x_wconf 89' lang='lat' dir='ltr'>euersa</span> <span class='ocrx_word' id='word_1_71' title='bbox 997 1247 1095 1305; x_wconf 76' lang='lat' dir='ltr'>fuerat</span> <span class='ocrx_word' id='word_1_72' title='bbox 1114 1256 1148 1307; x_wconf 82' lang='grc' dir='ltr'>ιο</span> 
     </span>
     <span class='ocr_line' id='line_1_12' title="bbox 90 1328 1160 1417; baseline -0.001 -23"><span class='ocrx_word' id='word_1_73' title='bbox 90 1328 168 1417; x_wconf 91' lang='lat' dir='ltr'>(AV</span> <span class='ocrx_word' id='word_1_74' title='bbox 183 1339 249 1396; x_wconf 79' lang='lat' dir='ltr'>alm.</span> <span class='ocrx_word' id='word_1_75' title='bbox 263 1339 292 1393; x_wconf 92' lang='grc' dir='ltr'><strong><em>Γ</em></strong></span> <span class='ocrx_word' id='word_1_76' title='bbox 1157 1348 1160 1355; x_wconf 94' lang='grc'><strong><em>·</em></strong></span> 
     </span>
     <span class='ocr_line' id='line_1_13' title="bbox 178 1433 1065 1522; baseline 0 -22"><span class='ocrx_word' id='word_1_77' title='bbox 178 1436 274 1521; x_wconf 85' lang='lat' dir='ltr'>mros]</span> <span class='ocrx_word' id='word_1_78' title='bbox 314 1441 354 1501; x_wconf 74' lang='lat' dir='ltr'>Ec</span> <span class='ocrx_word' id='word_1_79' title='bbox 377 1437 464 1503; x_wconf 84' lang='lat' dir='ltr'>‘haec</span> <span class='ocrx_word' id='word_1_80' title='bbox 487 1436 576 1502; x_wconf 89' lang='lat' dir='ltr'>Ilios&#39;</span> <span class='ocrx_word' id='word_1_81' title='bbox 599 1443 629 1502; x_wconf 79' lang='lat' dir='ltr'>eb</span> <span class='ocrx_word' id='word_1_82' title='bbox 652 1436 724 1502; x_wconf 73' lang='lat' dir='ltr'>‘hoc</span> <span class='ocrx_word' id='word_1_83' title='bbox 745 1433 852 1500; x_wconf 89' lang='lat' dir='ltr'>Ilium&#39;</span> <span class='ocrx_word' id='word_1_84' title='bbox 876 1433 954 1522; x_wconf 88' lang='lat' dir='ltr'>(AV</span> <span class='ocrx_word' id='word_1_85' title='bbox 1059 1477 1065 1490; x_wconf 49' lang='lat'>-2</span> 
     </span>
     <span class='ocr_line' id='line_1_14' title="bbox 83 1541 1096 1627; baseline 0 -20"><span class='ocrx_word' id='word_1_86' title='bbox 83 1615 85 1618; x_wconf 11' lang='lat' dir='ltr'>y</span> <span class='ocrx_word' id='word_1_87' title='bbox 182 1541 238 1609; x_wconf 82' lang='lat'>19.</span> <span class='ocrx_word' id='word_1_88' title='bbox 279 1566 340 1608; x_wconf 78' lang='lat' dir='ltr'>sou</span> <span class='ocrx_word' id='word_1_89' title='bbox 371 1565 525 1609; x_wconf 77' lang='lat' dir='ltr'>rvouuvrr</span> <span class='ocrx_word' id='word_1_90' title='bbox 553 1542 679 1627; x_wconf 81' lang='lat' dir='ltr'>monus]</span> <span class='ocrx_word' id='word_1_91' title='bbox 727 1547 784 1608; x_wconf 83' lang='lat' dir='ltr'>Sed</span> <span class='ocrx_word' id='word_1_92' title='bbox 810 1549 843 1606; x_wconf 92' lang='lat' dir='ltr'>hi</span> <span class='ocrx_word' id='word_1_93' title='bbox 870 1547 999 1608; x_wconf 79' lang='lat' dir='ltr'>carmine</span> <span class='ocrx_word' id='word_1_94' title='bbox 1025 1566 1096 1623; x_wconf 88' lang='lat' dir='ltr'>prae</span> 
     </span>
    </p>

    <p class='ocr_par' dir='ltr' id='par_1_6' title="bbox 90 1628 739 1718">
     <span class='ocr_line' id='line_1_15' title="bbox 90 1628 739 1718; baseline -0.002 -21"><span class='ocrx_word' id='word_1_95' title='bbox 90 1638 194 1697; x_wconf 74' lang='lat' dir='ltr'>celeris</span> <span class='ocrx_word' id='word_1_96' title='bbox 218 1639 300 1713; x_wconf 81' lang='lat' dir='ltr'>clari,</span> <span class='ocrx_word' id='word_1_97' title='bbox 322 1640 369 1696; x_wconf 77' lang='lat' dir='ltr'>ub·</span> <span class='ocrx_word' id='word_1_98' title='bbox 381 1629 484 1718; x_wconf 74' lang='lat' dir='ltr'>(Verq.</span> <span class='ocrx_word' id='word_1_99' title='bbox 502 1635 576 1696; x_wconf 74' lang='lat' dir='ltr'>Aera.</span> <span class='ocrx_word' id='word_1_100' title='bbox 595 1637 627 1696; x_wconf 92' lang='grc' dir='ltr'>Π</span> <span class='ocrx_word' id='word_1_101' title='bbox 646 1628 739 1718; x_wconf 79' lang='lat'>261):</span> 
     </span>
    </p>
   </div>
   <div class='ocr_carea' id='block_1_6' title="bbox 250 1759 1148 1837">
    <p class='ocr_par' dir='ltr' id='par_1_7' title="bbox 250 1759 1148 1837">
     <span class='ocr_line' id='line_1_16' title="bbox 250 1759 1148 1837; baseline -0.001 -16"><span class='ocrx_word' id='word_1_102' title='bbox 250 1761 436 1821; x_wconf 82' lang='lat' dir='ltr'>Thesandrue</span> <span class='ocrx_word' id='word_1_103' title='bbox 459 1759 653 1837; x_wconf 75' lang='lat' dir='ltr'>Stenelusque</span> <span class='ocrx_word' id='word_1_104' title='bbox 675 1760 771 1820; x_wconf 89' lang='lat' dir='ltr'>duces.</span> <span class='ocrx_word' id='word_1_105' title='bbox 1116 1772 1148 1821; x_wconf 79' lang='lat'>16</span> 
     </span>
    </p>
   </div>
   <div class='ocr_carea' id='block_1_7' title="bbox 91 1895 1002 1984">
    <p class='ocr_par' dir='ltr' id='par_1_8' title="bbox 91 1895 1002 1984">
     <span class='ocr_line' id='line_1_17' title="bbox 91 1895 1002 1984; baseline 0 -21"><span class='ocrx_word' id='word_1_106' title='bbox 91 1904 226 1963; x_wconf 78' lang='lat' dir='ltr'>Slenelus</span> <span class='ocrx_word' id='word_1_107' title='bbox 250 1908 350 1964; x_wconf 80' lang='lat' dir='ltr'>autem</span> <span class='ocrx_word' id='word_1_108' title='bbox 373 1903 503 1980; x_wconf 75' lang='lat' dir='ltr'>Capanei</span> <span class='ocrx_word' id='word_1_109' title='bbox 525 1907 556 1963; x_wconf 82' lang='lat' dir='ltr'>eb</span> <span class='ocrx_word' id='word_1_110' title='bbox 577 1903 720 1962; x_wconf 83' lang='lat' dir='ltr'>Euadnae</span> <span class='ocrx_word' id='word_1_111' title='bbox 741 1901 820 1962; x_wconf 84' lang='lat' dir='ltr'>filius</span> <span class='ocrx_word' id='word_1_112' title='bbox 842 1903 902 1962; x_wconf 75' lang='lat' dir='ltr'>fuit</span> <span class='ocrx_word' id='word_1_113' title='bbox 924 1895 1002 1984; x_wconf 91' lang='lat' dir='ltr'>(AV</span> 
     </span>
    </p>
   </div>
   <div class='ocr_carea' id='block_1_8' title="bbox 89 2003 1150 2442">
    <p class='ocr_par' dir='ltr' id='par_1_9' title="bbox 89 2003 1150 2442">
     <span class='ocr_line' id='line_1_18' title="bbox 180 2003 1096 2087; baseline 0.001 -20"><span class='ocrx_word' id='word_1_114' title='bbox 180 2003 238 2070; x_wconf 92' lang='grc'>22.</span> <span class='ocrx_word' id='word_1_115' title='bbox 261 2004 398 2087; x_wconf 74' lang='lat' dir='ltr'>necron]</span> <span class='ocrx_word' id='word_1_116' title='bbox 436 2007 595 2070; x_wconf 70' lang='lat' dir='ltr'>Ostendere</span> <span class='ocrx_word' id='word_1_117' title='bbox 617 2011 698 2069; x_wconf 77' lang='lat' dir='ltr'>uult:</span> <span class='ocrx_word' id='word_1_118' title='bbox 720 2011 792 2070; x_wconf 74' lang='lat' dir='ltr'>licet</span> <span class='ocrx_word' id='word_1_119' title='bbox 813 2009 901 2068; x_wconf 84' lang='lat' dir='ltr'>mnlh&#39;</span> <span class='ocrx_word' id='word_1_120' title='bbox 923 2010 983 2068; x_wconf 89' lang='lat' dir='ltr'>uiri</span> <span class='ocrx_word' id='word_1_121' title='bbox 1005 2009 1096 2069; x_wconf 74' lang='lat' dir='ltr'>fortes</span> 
     </span>
     <span class='ocr_line' id='line_1_19' title="bbox 90 2097 1097 2174; baseline -0.001 -17"><span class='ocrx_word' id='word_1_122' title='bbox 90 2100 223 2173; x_wconf 82' lang='lat' dir='ltr'>fuerunt,</span> <span class='ocrx_word' id='word_1_123' title='bbox 250 2099 318 2158; x_wconf 87' lang='lat' dir='ltr'>illos</span> <span class='ocrx_word' id='word_1_124' title='bbox 345 2101 445 2158; x_wconf 77' lang='lat' dir='ltr'>lamen</span> <span class='ocrx_word' id='word_1_125' title='bbox 472 2097 614 2158; x_wconf 89' lang='lat' dir='ltr'>celebrari</span> <span class='ocrx_word' id='word_1_126' title='bbox 636 2099 731 2174; x_wconf 82' lang='lat' dir='ltr'>fama,</span> <span class='ocrx_word' id='word_1_127' title='bbox 759 2116 831 2174; x_wconf 88' lang='lat' dir='ltr'>quos</span> <span class='ocrx_word' id='word_1_128' title='bbox 855 2097 1097 2158; x_wconf 86' lang='lat' dir='ltr'>commendauere</span> 
     </span>
     <span class='ocr_line' id='line_1_20' title="bbox 90 2185 1097 2264; baseline -0.004 -16"><span class='ocrx_word' id='word_1_129' title='bbox 90 2191 235 2264; x_wconf 83' lang='lat' dir='ltr'>poemata.</span> <span class='ocrx_word' id='word_1_130' title='bbox 276 2187 355 2245; x_wconf 84' lang='lat' dir='ltr'>Nam</span> <span class='ocrx_word' id='word_1_131' title='bbox 378 2206 431 2247; x_wconf 91' lang='lat' dir='ltr'>nec</span> <span class='ocrx_word' id='word_1_132' title='bbox 454 2188 532 2247; x_wconf 87' lang='lat' dir='ltr'>solus</span> <span class='ocrx_word' id='word_1_133' title='bbox 550 2186 662 2247; x_wconf 77' lang='lat' dir='ltr'>Hector</span> <span class='ocrx_word' id='word_1_134' title='bbox 684 2190 715 2246; x_wconf 78' lang='lat' dir='ltr'>eb</span> <span class='ocrx_word' id='word_1_135' title='bbox 731 2185 903 2262; x_wconf 82' lang='lat' dir='ltr'>Deiphobus</span> <span class='ocrx_word' id='word_1_136' title='bbox 925 2204 979 2262; x_wconf 86' lang='lat' dir='ltr'>pro</span> <span class='ocrx_word' id='word_1_137' title='bbox 997 2189 1097 2263; x_wconf 78' lang='lat' dir='ltr'>patria</span> 
     </span>
     <span class='ocr_line' id='line_1_21' title="bbox 89 2273 1150 2353; baseline 0.001 -19"><span class='ocrx_word' id='word_1_138' title='bbox 89 2277 255 2352; x_wconf 76' lang='lat' dir='ltr'>perierunt,</span> <span class='ocrx_word' id='word_1_139' title='bbox 285 2275 335 2334; x_wconf 88' lang='lat' dir='ltr'>sed</span> <span class='ocrx_word' id='word_1_140' title='bbox 357 2276 402 2334; x_wconf 85' lang='lat' dir='ltr'>hii</span> <span class='ocrx_word' id='word_1_141' title='bbox 423 2277 518 2353; x_wconf 83' lang='lat' dir='ltr'>magis</span> <span class='ocrx_word' id='word_1_142' title='bbox 542 2275 720 2335; x_wconf 82' lang='lat' dir='ltr'>carminibus</span> <span class='ocrx_word' id='word_1_143' title='bbox 743 2274 807 2335; x_wconf 80' lang='lat' dir='ltr'>non·</span> <span class='ocrx_word' id='word_1_144' title='bbox 830 2277 906 2333; x_wconf 78' lang='lat' dir='ltr'>sunl.</span> <span class='ocrx_word' id='word_1_145' title='bbox 953 2273 1097 2334; x_wconf 78' lang='lat' dir='ltr'>Similiter</span> <span class='ocrx_word' id='word_1_146' title='bbox 1115 2285 1150 2335; x_wconf 78' lang='lat'>20</span> 
     </span>
     <span class='ocr_line' id='line_1_22' title="bbox 90 2363 1097 2442; baseline -0.002 -19"><span class='ocrx_word' id='word_1_147' title='bbox 90 2368 120 2423; x_wconf 79' lang='lat' dir='ltr'>et</span> <span class='ocrx_word' id='word_1_148' title='bbox 153 2367 221 2424; x_wconf 81' lang='lat' dir='ltr'>anbe</span> <span class='ocrx_word' id='word_1_149' title='bbox 249 2364 501 2442; x_wconf 82' lang='lat' dir='ltr'>Agamemnonem</span> <span class='ocrx_word' id='word_1_150' title='bbox 528 2366 607 2441; x_wconf 83' lang='lat' dir='ltr'>paris</span> <span class='ocrx_word' id='word_1_151' title='bbox 635 2365 756 2422; x_wconf 76' lang='lat' dir='ltr'>uirtutis</span> <span class='ocrx_word' id='word_1_152' title='bbox 784 2364 882 2439; x_wconf 86' lang='lat' dir='ltr'>plures</span> <span class='ocrx_word' id='word_1_153' title='bbox 910 2363 1014 2438; x_wconf 85' lang='lat' dir='ltr'>fuisse,</span> <span class='ocrx_word' id='word_1_154' title='bbox 1036 2363 1097 2422; x_wconf 84' lang='lat' dir='ltr'>sed</span> 
     </span>
    </p>
   </div>
   <div class='ocr_carea' id='block_1_9' title="bbox 88 2451 1096 2623">
    <p class='ocr_par' dir='ltr' id='par_1_10' title="bbox 88 2451 1096 2623">
     <span class='ocr_line' id='line_1_23' title="bbox 89 2451 1096 2528; baseline -0.001 -17"><span class='ocrx_word' id='word_1_155' title='bbox 89 2453 196 2512; x_wconf 90' lang='lat' dir='ltr'>nesciri</span> <span class='ocrx_word' id='word_1_156' title='bbox 223 2455 355 2528; x_wconf 79' lang='lat' dir='ltr'>silenlu&#39;03</span> <span class='ocrx_word' id='word_1_157' title='bbox 387 2456 417 2513; x_wconf 76' lang='lat' dir='ltr'>et</span> <span class='ocrx_word' id='word_1_158' title='bbox 443 2452 509 2512; x_wconf 88' lang='lat' dir='ltr'>ideo</span> <span class='ocrx_word' id='word_1_159' title='bbox 538 2471 568 2512; x_wconf 87' lang='lat' dir='ltr'>se</span> <span class='ocrx_word' id='word_1_160' title='bbox 596 2452 634 2511; x_wconf 90' lang='lat' dir='ltr'>ad</span> <span class='ocrx_word' id='word_1_161' title='bbox 662 2451 847 2512; x_wconf 82' lang='lat' dir='ltr'>scribendum</span> <span class='ocrx_word' id='word_1_162' title='bbox 873 2452 1007 2527; x_wconf 87' lang='lat' dir='ltr'>priorum</span> <span class='ocrx_word' id='word_1_163' title='bbox 1029 2470 1096 2511; x_wconf 91' lang='lat' dir='ltr'>con-</span> 
     </span>
     <span class='ocr_line' id='line_1_24' title="bbox 88 2534 1035 2623; baseline 0 -22"><span class='ocrx_word' id='word_1_164' title='bbox 88 2541 189 2601; x_wconf 74' lang='lat' dir='ltr'>firmat</span> <span class='ocrx_word' id='word_1_165' title='bbox 211 2543 350 2619; x_wconf 85' lang='lat' dir='ltr'>exemplis</span> <span class='ocrx_word' id='word_1_166' title='bbox 373 2534 452 2623; x_wconf 88' lang='lat' dir='ltr'>(AV</span> <span class='ocrx_word' id='word_1_167' title='bbox 1034 2576 1035 2580; x_wconf 62' lang='lat'><em>=</em></span> 
     </span>
    </p>
   </div>
   <div class='ocr_carea' id='block_1_10' title="bbox 180 2639 1144 2728">
    <p class='ocr_par' dir='ltr' id='par_1_11' title="bbox 180 2639 1144 2728">
     <span class='ocr_line' id='line_1_25' title="bbox 180 2639 1144 2728; baseline -0.004 -21"><span class='ocrx_word' id='word_1_168' title='bbox 180 2642 238 2710; x_wconf 85' lang='grc'>23.</span> <span class='ocrx_word' id='word_1_169' title='bbox 273 2666 404 2707; x_wconf 73' lang='lat' dir='ltr'>axonam</span> <span class='ocrx_word' id='word_1_170' title='bbox 426 2643 530 2727; x_wconf 83' lang='lat' dir='ltr'>Icrvs]</span> <span class='ocrx_word' id='word_1_171' title='bbox 571 2647 613 2706; x_wconf 81' lang='lat' dir='ltr'>Vl</span> <span class='ocrx_word' id='word_1_172' title='bbox 636 2639 738 2728; x_wconf 79' lang='lat' dir='ltr'>(Vcrp.</span> <span class='ocrx_word' id='word_1_173' title='bbox 756 2645 830 2706; x_wconf 77' lang='lat' dir='ltr'>Aca.</span> <span class='ocrx_word' id='word_1_174' title='bbox 849 2645 893 2704; x_wconf 90' lang='lat' dir='ltr'>VI</span> <span class='ocrx_word' id='word_1_175' title='bbox 912 2647 984 2705; x_wconf 84' lang='grc'><strong>494.</strong></span> <span class='ocrx_word' id='word_1_176' title='bbox 1005 2639 1096 2726; x_wconf 60' lang='lat'>495]</span> <span class='ocrx_word' id='word_1_177' title='bbox 1141 2646 1144 2651; x_wconf 87' lang='lat'>&#39;</span> 
     </span>
    </p>
   </div>
   <div class='ocr_carea' id='block_1_11' title="bbox 250 2789 1150 2958">
    <p class='ocr_par' dir='ltr' id='par_1_12' title="bbox 250 2789 1150 2958">
     <span class='ocr_line' id='line_1_26' title="bbox 619 2789 1150 2864; baseline 0.002 -16"><span class='ocrx_word' id='word_1_178' title='bbox 619 2789 795 2849; x_wconf 79' lang='lat' dir='ltr'>Lacerabum</span> <span class='ocrx_word' id='word_1_179' title='bbox 817 2807 938 2864; x_wconf 88' lang='lat' dir='ltr'>corpore</span> <span class='ocrx_word' id='word_1_180' title='bbox 961 2791 1025 2848; x_wconf 78' lang='lat' dir='ltr'>bobo</span> <span class='ocrx_word' id='word_1_181' title='bbox 1115 2799 1150 2849; x_wconf 78' lang='lat'>25</span> 
     </span>
     <span class='ocr_line' id='line_1_27' title="bbox 250 2869 645 2958; baseline 0.003 -21"><span class='ocrx_word' id='word_1_182' title='bbox 250 2877 438 2955; x_wconf 90' lang='lat' dir='ltr'>Deiphobum</span> <span class='ocrx_word' id='word_1_183' title='bbox 461 2877 544 2937; x_wconf 81' lang='lat' dir='ltr'>uidet</span> <span class='ocrx_word' id='word_1_184' title='bbox 567 2869 645 2958; x_wconf 90' lang='lat' dir='ltr'>(AV</span> 
     </span>
    </p>
   </div>
   <div class='ocr_carea' id='block_1_12' title="bbox 85 3116 1145 3620">
    <p class='ocr_par' dir='ltr' id='par_1_13' title="bbox 85 3116 1145 3620">
     <span class='ocr_line' id='line_1_28' title="bbox 180 3116 1098 3189; baseline -0.001 -17"><span class='ocrx_word' id='word_1_185' title='bbox 180 3125 196 3172; x_wconf 79' lang='lat'>5</span> <span class='ocrx_word' id='word_1_186' title='bbox 216 3117 332 3172; x_wconf 89' lang='lat' dir='ltr'>cidoneo</span> <span class='ocrx_word' id='word_1_187' title='bbox 342 3118 400 3189; x_wconf 84' lang='lat' dir='ltr'>Vp]</span> <span class='ocrx_word' id='word_1_188' title='bbox 419 3117 530 3172; x_wconf 88' lang='lat' dir='ltr'>cidonio</span> <span class='ocrx_word' id='word_1_189' title='bbox 544 3119 591 3172; x_wconf 88' lang='lat' dir='ltr'>Ac</span> <span class='ocrx_word' id='word_1_190' title='bbox 662 3122 678 3171; x_wconf 91' lang='lat'>8</span> <span class='ocrx_word' id='word_1_191' title='bbox 698 3117 815 3172; x_wconf 88' lang='lat' dir='ltr'>cidonea</span> <span class='ocrx_word' id='word_1_192' title='bbox 833 3134 918 3172; x_wconf 90' lang='lat' dir='ltr'>cornu</span> <span class='ocrx_word' id='word_1_193' title='bbox 928 3118 961 3189; x_wconf 87' lang='lat' dir='ltr'>p]</span> <span class='ocrx_word' id='word_1_194' title='bbox 981 3116 1098 3172; x_wconf 90' lang='lat' dir='ltr'>cidonea</span> 
     </span>
     <span class='ocr_line' id='line_1_29' title="bbox 90 3188 1098 3260; baseline -0.002 -16"><span class='ocrx_word' id='word_1_195' title='bbox 90 3189 169 3244; x_wconf 86' lang='lat' dir='ltr'>corni</span> <span class='ocrx_word' id='word_1_196' title='bbox 187 3191 214 3242; x_wconf 93' lang='lat' dir='ltr'><strong>A</strong></span> <span class='ocrx_word' id='word_1_197' title='bbox 238 3189 351 3242; x_wconf 88' lang='lat' dir='ltr'>cidonia</span> <span class='ocrx_word' id='word_1_198' title='bbox 369 3205 455 3243; x_wconf 90' lang='lat' dir='ltr'>cornu</span> <span class='ocrx_word' id='word_1_199' title='bbox 474 3190 511 3244; x_wconf 89' lang='lat' dir='ltr'>Vc</span> <span class='ocrx_word' id='word_1_200' title='bbox 619 3194 652 3243; x_wconf 88' lang='grc'>13</span> <span class='ocrx_word' id='word_1_201' title='bbox 669 3188 700 3242; x_wconf 93' lang='lat' dir='ltr'>hi</span> <span class='ocrx_word' id='word_1_202' title='bbox 718 3190 768 3260; x_wconf 81' lang='lat' dir='ltr'>cp]</span> <span class='ocrx_word' id='word_1_203' title='bbox 785 3189 832 3243; x_wconf 93' lang='lat' dir='ltr'>hic</span> <span class='ocrx_word' id='word_1_204' title='bbox 852 3188 921 3244; x_wconf 89' lang='lat' dir='ltr'>Vin</span> <span class='ocrx_word' id='word_1_205' title='bbox 939 3189 967 3244; x_wconf 88' lang='lat' dir='ltr'><strong>A</strong></span> <span class='ocrx_word' id='word_1_206' title='bbox 1039 3204 1098 3242; x_wconf 86' lang='lat' dir='ltr'>car-</span> 
     </span>
     <span class='ocr_line' id='line_1_30' title="bbox 90 3259 1098 3332; baseline -0.001 -18"><span class='ocrx_word' id='word_1_207' title='bbox 90 3262 166 3315; x_wconf 78' lang='lat' dir='ltr'>mine</span> <span class='ocrx_word' id='word_1_208' title='bbox 181 3263 209 3315; x_wconf 94' lang='lat' dir='ltr'><strong>A</strong></span> <span class='ocrx_word' id='word_1_209' title='bbox 282 3265 314 3313; x_wconf 79' lang='lat'>15</span> <span class='ocrx_word' id='word_1_210' title='bbox 334 3260 482 3329; x_wconf 77' lang='lat' dir='ltr'>slenelusq.</span> <span class='ocrx_word' id='word_1_211' title='bbox 498 3261 537 3332; x_wconf 88' lang='lat' dir='ltr'>A]</span> <span class='ocrx_word' id='word_1_212' title='bbox 557 3259 735 3328; x_wconf 82' lang='lat' dir='ltr'>sbelenusquc</span> <span class='ocrx_word' id='word_1_213' title='bbox 744 3261 804 3328; x_wconf 87' lang='lat' dir='ltr'>ch</span> <span class='ocrx_word' id='word_1_214' title='bbox 876 3264 908 3313; x_wconf 81' lang='lat'>16</span> <span class='ocrx_word' id='word_1_215' title='bbox 923 3259 1044 3314; x_wconf 70' lang='lat' dir='ltr'>stenelus</span> <span class='ocrx_word' id='word_1_216' title='bbox 1059 3261 1098 3330; x_wconf 87' lang='lat' dir='ltr'>A]</span> 
     </span>
     <span class='ocr_line' id='line_1_31' title="bbox 91 3330 1064 3412; baseline -0.005 -25"><span class='ocrx_word' id='word_1_217' title='bbox 91 3333 215 3387; x_wconf 73' lang='lat' dir='ltr'>stelenus</span> <span class='ocrx_word' id='word_1_218' title='bbox 236 3332 272 3386; x_wconf 89' lang='lat' dir='ltr'>Vc</span> <span class='ocrx_word' id='word_1_219' title='bbox 291 3332 429 3386; x_wconf 77' lang='lat' dir='ltr'>sboleneus</span> <span class='ocrx_word' id='word_1_220' title='bbox 446 3349 466 3400; x_wconf 88' lang='lat' dir='ltr'>p</span> <span class='ocrx_word' id='word_1_221' title='bbox 538 3345 665 3402; x_wconf 68' lang='lat' dir='ltr'>euuanue</span> <span class='ocrx_word' id='word_1_222' title='bbox 683 3331 711 3384; x_wconf 88' lang='lat' dir='ltr'><strong>A</strong></span> <span class='ocrx_word' id='word_1_223' title='bbox 729 3330 837 3384; x_wconf 89' lang='lat' dir='ltr'>euadne</span> <span class='ocrx_word' id='word_1_224' title='bbox 856 3332 893 3386; x_wconf 87' lang='lat' dir='ltr'>Vc</span> <span class='ocrx_word' id='word_1_225' title='bbox 911 3331 1033 3412; x_wconf 71' lang='lat' dir='ltr'>euandrp</span> <span class='ocrx_word' id='word_1_226' title='bbox 1041 3348 1064 3399; x_wconf 89' lang='lat' dir='ltr'>p</span> 
     </span>
     <span class='ocr_line' id='line_1_32' title="bbox 92 3401 1120 3475; baseline -0.01 -18"><span class='ocrx_word' id='word_1_227' title='bbox 92 3409 125 3457; x_wconf 83' lang='lat'>19</span> <span class='ocrx_word' id='word_1_228' title='bbox 144 3404 242 3475; x_wconf 70' lang='lat' dir='ltr'>hpcbor</span> <span class='ocrx_word' id='word_1_229' title='bbox 260 3402 288 3457; x_wconf 89' lang='lat' dir='ltr'><strong>A</strong></span> <span class='ocrx_word' id='word_1_230' title='bbox 374 3401 529 3471; x_wconf 87' lang='lat' dir='ltr'>deiphobus</span> <span class='ocrx_word' id='word_1_231' title='bbox 548 3402 587 3473; x_wconf 87' lang='lat' dir='ltr'>A]</span> <span class='ocrx_word' id='word_1_232' title='bbox 607 3401 762 3471; x_wconf 81' lang='lat' dir='ltr'>deiphobus</span> <span class='ocrx_word' id='word_1_233' title='bbox 781 3403 842 3470; x_wconf 85' lang='lat' dir='ltr'>ch</span> <span class='ocrx_word' id='word_1_234' title='bbox 947 3405 988 3451; x_wconf 70' lang='lat' dir='ltr'>‘ho</span> <span class='ocrx_word' id='word_1_235' title='bbox 998 3401 1120 3461; x_wconf 56' lang='lat' dir='ltr'>‘nx&#39;ffi</span> 
     </span>
     <span class='ocr_line' id='line_1_33' title="bbox 90 3461 1145 3545; baseline -0.007 -18"><span class='ocrx_word' id='word_1_236' title='bbox 90 3475 160 3530; x_wconf 89' lang='lat' dir='ltr'>hiA</span> <span class='ocrx_word' id='word_1_237' title='bbox 231 3473 322 3542; x_wconf 83' lang='lat' dir='ltr'>magis</span> <span class='ocrx_word' id='word_1_238' title='bbox 330 3474 372 3545; x_wconf 88' lang='lat' dir='ltr'>A]</span> <span class='ocrx_word' id='word_1_239' title='bbox 380 3489 430 3529; x_wconf 87' lang='lat' dir='ltr'>cm.</span> <span class='ocrx_word' id='word_1_240' title='bbox 440 3475 501 3544; x_wconf 84' lang='lat' dir='ltr'>ch</span> <span class='ocrx_word' id='word_1_241' title='bbox 574 3478 608 3528; x_wconf 75' lang='lat'>21</span> <span class='ocrx_word' id='word_1_242' title='bbox 618 3472 896 3544; x_wconf 74' lang='lat' dir='ltr'>fuisseplurechp</span> <span class='ocrx_word' id='word_1_243' title='bbox 967 3461 1145 3520; x_wconf 57' lang='lat' dir='ltr'>‘hhsfflsh</span> 
     </span>
     <span class='ocr_line' id='line_1_34' title="bbox 85 3543 684 3620; baseline 0.013 -24"><span class='ocrx_word' id='word_1_244' title='bbox 85 3561 135 3597; x_wconf 83' lang='lat' dir='ltr'>om.</span> <span class='ocrx_word' id='word_1_245' title='bbox 150 3545 179 3596; x_wconf 88' lang='lat' dir='ltr'><strong>A</strong></span> <span class='ocrx_word' id='word_1_246' title='bbox 251 3549 287 3596; x_wconf 81' lang='lat'>26</span> <span class='ocrx_word' id='word_1_247' title='bbox 305 3543 386 3600; x_wconf 75' lang='lat' dir='ltr'>uidet</span> <span class='ocrx_word' id='word_1_248' title='bbox 403 3547 448 3620; x_wconf 88' lang='lat' dir='ltr'>A]</span> <span class='ocrx_word' id='word_1_249' title='bbox 465 3547 628 3605; x_wconf 80' lang='lat' dir='ltr'>u.Vuidib</span> <span class='ocrx_word' id='word_1_250' title='bbox 648 3564 684 3618; x_wconf 82' lang='lat' dir='ltr'>cp</span> 
     </span>
    </p>
   </div>
   <div class='ocr_carea' id='block_1_13' title="bbox 0 0 1252 3840">
    <p class='ocr_par' dir='ltr' id='par_1_14' title="bbox 0 0 1252 3840">
     <span class='ocr_line' id='line_1_35' title="bbox 0 0 1252 3840; baseline 0 0"><span class='ocrx_word' id='word_1_251' title='bbox 0 0 1252 3840; x_wconf 95' lang='lat' dir='ltr'> </span> 
     </span>
    </p>
   </div>
  </div>
 </body>
</html>
