2490 3840
469 154 592 208 EXPOS.
607 154 717 209 METR.

247 323 335 381 Nunc
357 327 401 382 est
423 323 583 382 bibendum
605 342 682 382 nunc
705 323 778 399 pede
801 325 894 383 libero

248 411 364 470 Motum
387 431 422 470 ex
444 412 565 470 Metello
588 413 707 471 consule
730 415 858 471 eiuicum

248 499 382 576 Aequam
405 504 552 560 memento
575 502 662 560 rebus
685 504 716 558 in
742 502 842 560 arduis

248 589 387 647 Nondum
410 590 533 649 subacta
555 590 630 648 ferre
653 593 757 666 iugum
780 592 862 649 ualet

250 676 274 736 Ο
298 673 427 756 s<a>epe
449 697 564 738 mecum
587 682 705 754 tempus
728 681 761 736 in
782 680 922 737 ultimum

247 767 316 825 Non
339 786 454 842 semper
475 768 584 827 imbres
607 768 733 827 nubibus
757 769 890 843 hispidus

249 853 327 924 Quid
349 857 506 915 bellicosus
529 854 678 915 Cantaber
701 860 753 915 aut
777 856 900 932 Scythes

248 944 304 1002 Ille
328 948 358 1002 et
380 945 494 1003 nefasto
518 948 548 1003 te
571 949 671 1022 posuit
693 946 740 1004 die

247 1035 332 1092 Eheu
355 1034 475 1110 fugaces
498 1027 636 1092 Postume
659 1035 798 1094 Postume

249 1121 308 1180 Cur
330 1142 377 1180 me
400 1123 540 1198 querellis
563 1125 713 1182 exanimas
736 1127 796 1183 tuis

248 1211 398 1269 Bacchum
419 1215 452 1269 in
473 1215 595 1271 remotis
619 1215 750 1271 carmina
772 1213 896 1288 rupibus

248 1299 316 1359 Non
339 1302 452 1358 usitata
474 1320 528 1359 nec
551 1304 634 1359 tenui
659 1303 738 1359 ferar

250 1387 308 1447 Odi
329 1390 488 1464 profanum
511 1391 619 1467 uulgus
642 1394 673 1448 et
694 1409 780 1448 arceo

248 1476 416 1554 Angustam
439 1481 532 1537 amice
555 1481 727 1554 pauperiem
750 1482 815 1554 pati

248 1567 364 1624 Iustum
388 1571 417 1626 et
440 1569 573 1626 tenacem
596 1570 742 1644 propositi
764 1571 863 1627 uirum

234 1645 399 1714 ¹Descende
423 1656 504 1714 caelo
528 1659 558 1714 et
581 1657 628 1714 dio
652 1677 705 1734 age
728 1657 803 1715 tibia
838 1686 847 1702 ·

251 1743 339 1802 Caelo
362 1748 515 1804 tonantem
538 1745 714 1804 credidimus
737 1746 838 1805 Iouem

215 1837 219 1843 ’
249 1833 367 1892 Delicta
389 1836 535 1893 maiorum
557 1837 713 1893 inmeritus
736 1837 799 1894 lues

249 1921 317 1981 Aeli
341 1926 459 1981 uetusto
482 1924 590 1982 nobilis
614 1923 651 1980 ab
670 1922 763 1982 Lamo

251 2008 275 2069 Ο
300 2015 371 2070 nata
393 2031 508 2070 mecum
531 2013 649 2071 consule
669 2012 781 2071 Manlio

251 2099 339 2158 Caelo
363 2103 484 2176 supinas
508 2103 534 2158 si
556 2102 660 2160 tuleris
683 2120 788 2160 manus

249 2183 341 2265 <Viri
363 2190 471 2263 puellis
493 2209 588 2265 nuper
609 2187 754 2266 idoneus>

251 2279 383 2353 Tyrreno
405 2298 509 2355 regum
530 2281 686 2356 progenies
709 2279 766 2337 tibi

251 2365 374 2434 Qualem
396 2369 567 2425 ministrum
589 2369 723 2427 fulminis
747 2368 850 2426 alitem

250 2455 295 2513 Ne
318 2456 395 2514 forte
419 2455 520 2513 eredas
542 2458 701 2515 interitura
724 2476 800 2531 quae

251 2542 332 2611 Quae
355 2563 427 2602 cura
450 2547 569 2619 patrum
592 2564 705 2619 quaeue
728 2543 891 2612 Quiritium

251 2632 385 2691 Phoebus
409 2633 558 2690 uolentem
579 2634 693 2708 proelia
716 2652 762 2690 me
785 2635 875 2708 loqui.

180 2720 302 2779 Decima
331 2713 394 2804 ᾠδή
416 2723 585 2781 monocolos
609 2725 666 2780 est:
698 2722 788 2780 habet
812 2725 890 2781 enim
912 2740 1031 2780 uersum
1055 2724 1103 2780 cui

89 2809 322 2868 choriambicum
341 2803 454 2868 'nomen
477 2812 535 2883 est,
565 2812 618 2884 qui
640 2813 758 2869 constat
780 2830 814 2869 ex
838 2812 980 2886 spondeo,
1007 2812 1103 2869 tribus

89 2897 271 2958 choriambis
304 2901 334 2956 et
360 2900 518 2974 pyrrichio.
569 2898 673 2957 Vtitur
701 2902 800 2958 autern
827 2901 883 2957 hac
910 2903 998 2957 metri
1025 2919 1102 2959 eom·
1122 2914 1155 2961 30

87 2987 242 3063 positione
264 2989 310 3044 ter
332 2991 458 3062 tantum,
481 2990 538 3045 ita:

159 3075 205 3132 'l'u
223 3095 260 3134 ne
279 3071 481 3153 qu<a>esieris
501 3079 576 3135 scire
595 3078 677 3134 nefas
697 3096 785 3152 quem
802 3078 877 3135 mihi
896 3097 984 3152 quem
1001 3078 1059 3136 tibi

158 3164 282 3222 Nullam
304 3164 382 3223 Vare
406 3184 490 3224 sacra
513 3168 575 3224 uite
597 3168 679 3241 prius
703 3168 812 3224 seueris
836 3167 970 3226 arborem

160 3251 186 3310 Ο
210 3254 336 3311 crudelis
360 3254 454 3312 adhuc
477 3257 508 3312 et
530 3255 654 3312 Veneris
676 3256 847 3313 muneribus
870 3258 982 3330 potens.

182 3392 199 3439 6
218 3387 345 3456 hispidus
366 3389 406 3454 Py·
424 3404 473 3442 om.
489 3405 511 3453 c,
530 3387 657 3456 hispidos
676 3389 746 3443 Hor.
862 3394 876 3441 ‘1
896 3392 946 3443 aut
964 3391 1056 3456 scytes
1075 3389 1104 3454 (j

87 3461 142 3515 aut
160 3460 284 3526 seytesy
303 3461 352 3512 aut
367 3458 453 3512 sithes
468 3465 511 3511 al
527 3475 606 3513 oruc
660 3465 694 3513 28
710 3461 785 3514 moe
801 3461 837 3530 pf
856 3460 942 3514 otleu
995 3464 1035 3512 ‘bb
1046 3474 1120 3524 pyu-

86 3531 182 3586 richio
200 3546 215 3584 c
233 3529 353 3600 Servius]
373 3529 507 3599 pirrichio
525 3530 582 3601 ysj
599 3547 648 3586 om.
665 3552 685 3586 α
