<?xml version="1.0" encoding="UTF-8"?>
<!DOCTYPE html PUBLIC "-//W3C//DTD XHTML 1.0 Transitional//EN"
    "http://www.w3.org/TR/xhtml1/DTD/xhtml1-transitional.dtd">
<html xmlns="http://www.w3.org/1999/xhtml" xml:lang="en" lang="en">
 <head>
  <title>
</title>
<meta http-equiv="Content-Type" content="text/html;charset=utf-8" />
  <meta name='ocr-system' content='tesseract 3.04.00' />
  <meta name='ocr-capabilities' content='ocr_page ocr_carea ocr_par ocr_line ocrx_word'/>
</head>
<body>
  <div class='ocr_page' id='page_1' title='image "./pseudacronissch00kellgoog/pseudacronissch00kellgoog_0127.png"; bbox 0 0 2490 3840; ppageno 0'>
   <div class='ocr_carea' id='block_1_1' title="bbox 143 189 821 256">
    <p class='ocr_par' dir='ltr' id='par_1_1' title="bbox 143 189 821 256">
     <span class='ocr_line' id='line_1_1' title="bbox 143 189 821 256; baseline -0.019 0"><span class='ocrx_word' id='word_1_1' title='bbox 143 192 205 256; x_wconf 86' lang='grc'>106</span> <span class='ocrx_word' id='word_1_2' title='bbox 472 189 661 245; x_wconf 81' lang='lat' dir='ltr'>EXPOSITIO</span> <span class='ocrx_word' id='word_1_3' title='bbox 679 189 719 242; x_wconf 87' lang='lat' dir='ltr'>IN</span> <span class='ocrx_word' id='word_1_4' title='bbox 737 189 821 244; x_wconf 81' lang='lat' dir='ltr'>HOR.</span> 
     </span>
    </p>
   </div>
   <div class='ocr_carea' id='block_1_2' title="bbox 139 347 1153 615">
    <p class='ocr_par' dir='ltr' id='par_1_2' title="bbox 139 347 1153 615">
     <span class='ocr_line' id='line_1_2' title="bbox 140 347 1149 437; baseline -0.008 -17"><span class='ocrx_word' id='word_1_5' title='bbox 140 380 224 421; x_wconf 85' lang='lat' dir='ltr'>mons</span> <span class='ocrx_word' id='word_1_6' title='bbox 247 360 375 437; x_wconf 80' lang='lat' dir='ltr'><strong>Apuliae</strong></span> <span class='ocrx_word' id='word_1_7' title='bbox 399 362 452 432; x_wconf 84' lang='lat' dir='ltr'>est,</span> <span class='ocrx_word' id='word_1_8' title='bbox 474 359 559 418; x_wconf 85' lang='lat' dir='ltr'>iuxta</span> <span class='ocrx_word' id='word_1_9' title='bbox 581 378 669 434; x_wconf 89' lang='lat' dir='ltr'>quem</span> <span class='ocrx_word' id='word_1_10' title='bbox 687 357 812 417; x_wconf 81' lang='lat' dir='ltr'>Archita</span> <span class='ocrx_word' id='word_1_11' title='bbox 834 359 967 434; x_wconf 88' lang='lat' dir='ltr'>sepultus</span> <span class='ocrx_word' id='word_1_12' title='bbox 991 359 1037 416; x_wconf 87' lang='lat' dir='ltr'>est</span> <span class='ocrx_word' id='word_1_13' title='bbox 1060 347 1149 437; x_wconf 77' lang='lat' dir='ltr'>(oona.</span> 
     </span>
     <span class='ocr_line' id='line_1_3' title="bbox 139 437 1153 530; baseline -0.003 -23"><span class='ocrx_word' id='word_1_14' title='bbox 139 441 269 530; x_wconf 57' lang='lat' dir='ltr'>Pericle),</span> <span class='ocrx_word' id='word_1_15' title='bbox 293 448 364 523; x_wconf 88' lang='lat' dir='ltr'>siue,</span> <span class='ocrx_word' id='word_1_16' title='bbox 387 450 422 506; x_wconf 90' lang='lat' dir='ltr'>ut</span> <span class='ocrx_word' id='word_1_17' title='bbox 444 448 568 523; x_wconf 91' lang='lat' dir='ltr'>quidam</span> <span class='ocrx_word' id='word_1_18' title='bbox 589 449 703 522; x_wconf 91' lang='lat' dir='ltr'>uolunt,</span> <span class='ocrx_word' id='word_1_19' title='bbox 725 447 816 523; x_wconf 84' lang='lat' dir='ltr'>plana</span> <span class='ocrx_word' id='word_1_20' title='bbox 840 445 994 506; x_wconf 78' lang='lat' dir='ltr'>Calabriae</span> <span class='ocrx_word' id='word_1_21' title='bbox 1018 437 1153 526; x_wconf 73' lang='lat' dir='ltr'>(AseV</span> 
     </span>
     <span class='ocr_line' id='line_1_4' title="bbox 229 530 1151 615; baseline -0.005 -19"><span class='ocrx_word' id='word_1_22' title='bbox 229 531 264 599; x_wconf 82' lang='grc'>4.</span> <span class='ocrx_word' id='word_1_23' title='bbox 287 532 591 615; x_wconf 73' lang='lat' dir='ltr'>uu&lt;c&gt;ow&lt;o&gt;ovnu</span> <span class='ocrx_word' id='word_1_24' title='bbox 614 554 677 594; x_wconf 78' lang='lat' dir='ltr'>mar</span> <span class='ocrx_word' id='word_1_25' title='bbox 700 530 855 614; x_wconf 80' lang='lat' dir='ltr'>Psonasr]</span> <span class='ocrx_word' id='word_1_26' title='bbox 891 535 972 594; x_wconf 89' lang='lat' dir='ltr'>Idest</span> <span class='ocrx_word' id='word_1_27' title='bbox 994 535 1071 593; x_wconf 89' lang='lat' dir='ltr'>nihil</span> <span class='ocrx_word' id='word_1_28' title='bbox 1094 535 1151 592; x_wconf 91' lang='lat' dir='ltr'>tibi</span> 
     </span>
    </p>
   </div>
   <div class='ocr_carea' id='block_1_3' title="bbox 139 623 1150 703">
    <p class='ocr_par' dir='ltr' id='par_1_3' title="bbox 139 623 1150 703">
     <span class='ocr_line' id='line_1_5' title="bbox 139 623 1150 703; baseline -0.003 -20"><span class='ocrx_word' id='word_1_29' title='bbox 139 627 253 703; x_wconf 83' lang='lat' dir='ltr'><strong>profuit</strong></span> <span class='ocrx_word' id='word_1_30' title='bbox 271 626 309 684; x_wconf 93' lang='lat' dir='ltr'>ad</span> <span class='ocrx_word' id='word_1_31' title='bbox 327 627 483 685; x_wconf 84' lang='lat' dir='ltr'>mortalem</span> <span class='ocrx_word' id='word_1_32' title='bbox 502 626 709 699; x_wconf 88' lang='lat' dir='ltr'>conditionem,</span> <span class='ocrx_word' id='word_1_33' title='bbox 732 644 785 700; x_wconf 89' lang='lat' dir='ltr'>per</span> <span class='ocrx_word' id='word_1_34' title='bbox 802 625 942 700; x_wconf 81' lang='lat' dir='ltr'>physicae</span> <span class='ocrx_word' id='word_1_35' title='bbox 961 623 1150 699; x_wconf 84' lang='lat' dir='ltr'>disciplinam</span> 
     </span>
    </p>
   </div>
   <div class='ocr_carea' id='block_1_4' title="bbox 105 704 1151 885">
    <p class='ocr_par' dir='ltr' id='par_1_4' title="bbox 105 704 1151 885">
     <span class='ocr_line' id='line_1_6' title="bbox 105 704 1151 793; baseline -0.003 -19"><span class='ocrx_word' id='word_1_36' title='bbox 105 717 286 774; x_wconf 78' lang='lat' dir='ltr'>orationem</span> <span class='ocrx_word' id='word_1_37' title='bbox 313 715 388 773; x_wconf 87' lang='lat' dir='ltr'>caeli</span> <span class='ocrx_word' id='word_1_38' title='bbox 416 718 446 773; x_wconf 89' lang='lat' dir='ltr'>et</span> <span class='ocrx_word' id='word_1_39' title='bbox 472 715 552 790; x_wconf 87' lang='lat' dir='ltr'>ipsas</span> <span class='ocrx_word' id='word_1_40' title='bbox 580 734 679 772; x_wconf 88' lang='lat' dir='ltr'>rerum</span> <span class='ocrx_word' id='word_1_41' title='bbox 706 717 924 789; x_wconf 86' lang='lat' dir='ltr'>perscrutatum</span> <span class='ocrx_word' id='word_1_42' title='bbox 950 717 1073 772; x_wconf 88' lang='lat' dir='ltr'>naturas</span> <span class='ocrx_word' id='word_1_43' title='bbox 1102 704 1151 793; x_wconf 76' lang='lat' dir='ltr'>(cc</span> 
     </span>
     <span class='ocr_line' id='line_1_7' title="bbox 139 793 839 885; baseline -0.004 -23"><span class='ocrx_word' id='word_1_44' title='bbox 139 796 269 885; x_wconf 55' lang='lat' dir='ltr'>Parcet),</span> <span class='ocrx_word' id='word_1_45' title='bbox 292 807 326 862; x_wconf 88' lang='lat' dir='ltr'>ut</span> <span class='ocrx_word' id='word_1_46' title='bbox 348 803 424 862; x_wconf 92' lang='lat' dir='ltr'>illud</span> <span class='ocrx_word' id='word_1_47' title='bbox 448 795 550 884; x_wconf 77' lang='lat' dir='ltr'>(Vcrp.</span> <span class='ocrx_word' id='word_1_48' title='bbox 567 820 661 878; x_wconf 73' lang='lat' dir='ltr'>pcorp.</span> <span class='ocrx_word' id='word_1_49' title='bbox 680 802 727 860; x_wconf 91' lang='lat' dir='ltr'>HI</span> <span class='ocrx_word' id='word_1_50' title='bbox 747 793 839 883; x_wconf 81' lang='lat'>525):</span> 
     </span>
    </p>
   </div>
   <div class='ocr_carea' id='block_1_5' title="bbox 273 918 1038 1006">
    <p class='ocr_par' dir='ltr' id='par_1_5' title="bbox 273 918 1038 1006">
     <span class='ocr_line' id='line_1_8' title="bbox 273 918 1038 1006; baseline -0.004 -20"><span class='ocrx_word' id='word_1_51' title='bbox 273 928 351 997; x_wconf 84' lang='lat' dir='ltr'>Quid</span> <span class='ocrx_word' id='word_1_52' title='bbox 374 927 459 987; x_wconf 89' lang='lat' dir='ltr'>labor</span> <span class='ocrx_word' id='word_1_53' title='bbox 481 930 534 985; x_wconf 88' lang='lat' dir='ltr'>aut</span> <span class='ocrx_word' id='word_1_54' title='bbox 555 927 629 986; x_wconf 90' lang='lat' dir='ltr'>bene</span> <span class='ocrx_word' id='word_1_55' title='bbox 652 927 733 986; x_wconf 86' lang='lat' dir='ltr'>facta</span> <span class='ocrx_word' id='word_1_56' title='bbox 756 924 882 984; x_wconf 85' lang='lat' dir='ltr'>iuuant?</span> <span class='ocrx_word' id='word_1_57' title='bbox 906 918 1038 1006; x_wconf 82' lang='lat' dir='ltr'>(AFuV</span> 
     </span>
    </p>
   </div>
   <div class='ocr_carea' id='block_1_6' title="bbox 88 1062 1151 1684">
    <p class='ocr_par' dir='ltr' id='par_1_6' title="bbox 88 1062 1151 1684">
     <span class='ocr_line' id='line_1_9' title="bbox 231 1062 1151 1146; baseline -0.002 -18"><span class='ocrx_word' id='word_1_58' title='bbox 231 1063 262 1130; x_wconf 79' lang='grc'>7.</span> <span class='ocrx_word' id='word_1_59' title='bbox 303 1087 428 1128; x_wconf 75' lang='lat' dir='ltr'>coenus</span> <span class='ocrx_word' id='word_1_60' title='bbox 452 1088 490 1127; x_wconf 80' lang='lat' dir='ltr'>ar</span> <span class='ocrx_word' id='word_1_61' title='bbox 514 1086 641 1127; x_wconf 69' lang='lat' dir='ltr'>canorus</span> <span class='ocrx_word' id='word_1_62' title='bbox 665 1062 813 1146; x_wconf 73' lang='lat' dir='ltr'>carison]</span> <span class='ocrx_word' id='word_1_63' title='bbox 855 1068 1008 1143; x_wconf 80' lang='lat' dir='ltr'>Tantalus,</span> <span class='ocrx_word' id='word_1_64' title='bbox 1032 1066 1151 1143; x_wconf 88' lang='lat' dir='ltr'>Pelopis</span> 
     </span>
     <span class='ocr_line' id='line_1_10' title="bbox 139 1156 1151 1236; baseline -0.004 -19"><span class='ocrx_word' id='word_1_65' title='bbox 139 1163 237 1236; x_wconf 89' lang='lat' dir='ltr'>pater,</span> <span class='ocrx_word' id='word_1_66' title='bbox 270 1161 425 1235; x_wconf 89' lang='lat' dir='ltr'>epularum</span> <span class='ocrx_word' id='word_1_67' title='bbox 457 1160 564 1218; x_wconf 87' lang='lat' dir='ltr'>scelere</span> <span class='ocrx_word' id='word_1_68' title='bbox 594 1158 716 1216; x_wconf 88' lang='lat' dir='ltr'>deorum</span> <span class='ocrx_word' id='word_1_69' title='bbox 744 1158 883 1230; x_wconf 85' lang='lat' dir='ltr'>conuiua,</span> <span class='ocrx_word' id='word_1_70' title='bbox 916 1176 933 1214; x_wconf 87' lang='lat' dir='ltr'>a</span> <span class='ocrx_word' id='word_1_71' title='bbox 960 1156 1068 1232; x_wconf 87' lang='lat' dir='ltr'>quibus</span> <span class='ocrx_word' id='word_1_72' title='bbox 1096 1175 1151 1232; x_wconf 91' lang='lat' dir='ltr'>pro</span> 
     </span>
     <span class='ocr_line' id='line_1_11' title="bbox 88 1237 1006 1325; baseline -0.002 -19"><span class='ocrx_word' id='word_1_73' title='bbox 88 1259 121 1307; x_wconf 88' lang='lat'>10</span> <span class='ocrx_word' id='word_1_74' title='bbox 139 1248 264 1308; x_wconf 80' lang='lat' dir='ltr'>funestis</span> <span class='ocrx_word' id='word_1_75' title='bbox 286 1248 342 1309; x_wconf 87' lang='lat' dir='ltr'>filii</span> <span class='ocrx_word' id='word_1_76' title='bbox 365 1248 490 1323; x_wconf 83' lang='lat' dir='ltr'>dapibus</span> <span class='ocrx_word' id='word_1_77' title='bbox 513 1266 609 1323; x_wconf 88' lang='lat' dir='ltr'>poena</span> <span class='ocrx_word' id='word_1_78' title='bbox 631 1247 782 1323; x_wconf 88' lang='lat' dir='ltr'>perculsus</span> <span class='ocrx_word' id='word_1_79' title='bbox 806 1249 851 1305; x_wconf 89' lang='lat' dir='ltr'>est</span> <span class='ocrx_word' id='word_1_80' title='bbox 874 1237 1006 1325; x_wconf 71' lang='lat' dir='ltr'>(AraV</span> 
     </span>
     <span class='ocr_line' id='line_1_12' title="bbox 228 1328 1151 1415; baseline -0.004 -21"><span class='ocrx_word' id='word_1_81' title='bbox 228 1330 262 1398; x_wconf 88' lang='lat'>8.</span> <span class='ocrx_word' id='word_1_82' title='bbox 304 1331 559 1415; x_wconf 80' lang='lat' dir='ltr'>r1r&lt;n&gt;ouvsova</span> <span class='ocrx_word' id='word_1_83' title='bbox 591 1352 732 1394; x_wconf 78' lang='lat' dir='ltr'>aunonvs</span> <span class='ocrx_word' id='word_1_84' title='bbox 760 1353 792 1392; x_wconf 84' lang='lat' dir='ltr'>m</span> <span class='ocrx_word' id='word_1_85' title='bbox 819 1328 933 1412; x_wconf 69' lang='lat' dir='ltr'>susas]</span> <span class='ocrx_word' id='word_1_86' title='bbox 979 1334 1151 1407; x_wconf 80' lang='lat' dir='ltr'>Tithonum,</span> 
     </span>
     <span class='ocr_line' id='line_1_13' title="bbox 139 1424 1151 1501; baseline -0.006 -16"><span class='ocrx_word' id='word_1_87' title='bbox 139 1424 349 1486; x_wconf 86' lang='lat' dir='ltr'>Laomedontis</span> <span class='ocrx_word' id='word_1_88' title='bbox 371 1425 480 1501; x_wconf 91' lang='lat' dir='ltr'>filium,</span> <span class='ocrx_word' id='word_1_89' title='bbox 504 1428 637 1484; x_wconf 87' lang='lat' dir='ltr'>Aurorae</span> <span class='ocrx_word' id='word_1_90' title='bbox 660 1425 802 1482; x_wconf 90' lang='lat' dir='ltr'>maritum</span> <span class='ocrx_word' id='word_1_91' title='bbox 825 1425 856 1480; x_wconf 87' lang='lat' dir='ltr'>in</span> <span class='ocrx_word' id='word_1_92' title='bbox 880 1442 966 1483; x_wconf 86' lang='lat' dir='ltr'>auras</span> <span class='ocrx_word' id='word_1_93' title='bbox 989 1426 1151 1499; x_wconf 86' lang='lat' dir='ltr'>receptam,</span> 
     </span>
     <span class='ocr_line' id='line_1_14' title="bbox 139 1504 1151 1594; baseline -0.004 -20"><span class='ocrx_word' id='word_1_94' title='bbox 139 1516 194 1575; x_wconf 87' lang='lat' dir='ltr'>hoc</span> <span class='ocrx_word' id='word_1_95' title='bbox 231 1519 276 1575; x_wconf 88' lang='lat' dir='ltr'>est</span> <span class='ocrx_word' id='word_1_96' title='bbox 311 1518 461 1574; x_wconf 83' lang='lat' dir='ltr'>mortuum</span> <span class='ocrx_word' id='word_1_97' title='bbox 498 1514 570 1573; x_wconf 86' lang='lat' dir='ltr'>dicit</span> <span class='ocrx_word' id='word_1_98' title='bbox 602 1505 691 1594; x_wconf 74' lang='lat' dir='ltr'>(coos.</span> <span class='ocrx_word' id='word_1_99' title='bbox 720 1504 854 1592; x_wconf 59' lang='lat' dir='ltr'>Ferret),</span> <span class='ocrx_word' id='word_1_100' title='bbox 890 1511 968 1570; x_wconf 88' lang='lat' dir='ltr'>unda</span> <span class='ocrx_word' id='word_1_101' title='bbox 1000 1511 1151 1589; x_wconf 83' lang='lat' dir='ltr'>Vergilius</span> 
     </span>
     <span class='ocr_line' id='line_1_15' title="bbox 90 1596 431 1684; baseline -0.015 -19"><span class='ocrx_word' id='word_1_102' title='bbox 90 1628 92 1634; x_wconf 83' lang='grc'><strong>’</strong></span> <span class='ocrx_word' id='word_1_103' title='bbox 140 1596 228 1684; x_wconf 75' lang='lat' dir='ltr'>(Aen.</span> <span class='ocrx_word' id='word_1_104' title='bbox 243 1604 319 1663; x_wconf 84' lang='lat' dir='ltr'>VIII</span> <span class='ocrx_word' id='word_1_105' title='bbox 339 1596 431 1684; x_wconf 79' lang='lat'>384):</span> 
     </span>
    </p>
   </div>
   <div class='ocr_carea' id='block_1_7' title="bbox 88 1718 887 1806">
    <p class='ocr_par' dir='ltr' id='par_1_7' title="bbox 88 1718 887 1806">
     <span class='ocr_line' id='line_1_16' title="bbox 88 1718 887 1806; baseline -0.004 -20"><span class='ocrx_word' id='word_1_106' title='bbox 88 1738 120 1786; x_wconf 85' lang='lat'>15</span> <span class='ocrx_word' id='word_1_107' title='bbox 299 1728 440 1786; x_wconf 76' lang='lat' dir='ltr'>Tithonia</span> <span class='ocrx_word' id='word_1_108' title='bbox 462 1726 579 1785; x_wconf 88' lang='lat' dir='ltr'>flectere</span> <span class='ocrx_word' id='word_1_109' title='bbox 602 1727 729 1785; x_wconf 85' lang='lat' dir='ltr'>coniunx</span> <span class='ocrx_word' id='word_1_110' title='bbox 753 1718 796 1806; x_wconf 87' lang='lat' dir='ltr'>(A</span> <span class='ocrx_word' id='word_1_111' title='bbox 804 1726 887 1784; x_wconf 81' lang='lat' dir='ltr'>PaV</span> 
     </span>
    </p>
   </div>
   <div class='ocr_carea' id='block_1_8' title="bbox 44 1862 1150 2212">
    <p class='ocr_par' dir='ltr' id='par_1_8' title="bbox 44 1862 1150 2212">
     <span class='ocr_line' id='line_1_17' title="bbox 229 1862 1150 1946; baseline -0.003 -19"><span class='ocrx_word' id='word_1_112' title='bbox 229 1862 263 1930; x_wconf 83' lang='lat'>9.</span> <span class='ocrx_word' id='word_1_113' title='bbox 305 1889 344 1927; x_wconf 81' lang='lat' dir='ltr'>nr</span> <span class='ocrx_word' id='word_1_114' title='bbox 367 1886 448 1928; x_wconf 73' lang='lat' dir='ltr'>roms</span> <span class='ocrx_word' id='word_1_115' title='bbox 471 1885 602 1930; x_wconf 75' lang='lat' dir='ltr'>asolurs</span> <span class='ocrx_word' id='word_1_116' title='bbox 625 1885 718 1926; x_wconf 77' lang='lat' dir='ltr'>armos</span> <span class='ocrx_word' id='word_1_117' title='bbox 741 1862 905 1946; x_wconf 70' lang='lat' dir='ltr'>iniussus]</span> <span class='ocrx_word' id='word_1_118' title='bbox 951 1867 1014 1925; x_wconf 89' lang='lat' dir='ltr'>Aut</span> <span class='ocrx_word' id='word_1_119' title='bbox 1036 1886 1096 1941; x_wconf 84' lang='lat' dir='ltr'>qua</span> <span class='ocrx_word' id='word_1_120' title='bbox 1119 1885 1150 1925; x_wconf 88' lang='lat' dir='ltr'>se</span> 
     </span>
     <span class='ocr_line' id='line_1_18' title="bbox 44 1956 1150 2035; baseline -0.001 -19"><span class='ocrx_word' id='word_1_121' title='bbox 44 1990 56 2003; x_wconf 52' lang='grc' dir='ltr'><em>ν</em></span> <span class='ocrx_word' id='word_1_122' title='bbox 139 1958 235 2018; x_wconf 82' lang='lat' dir='ltr'>Minos</span> <span class='ocrx_word' id='word_1_123' title='bbox 262 1957 454 2035; x_wconf 86' lang='lat' dir='ltr'>praedicabat</span> <span class='ocrx_word' id='word_1_124' title='bbox 481 1977 548 2016; x_wconf 92' lang='lat' dir='ltr'>cum</span> <span class='ocrx_word' id='word_1_125' title='bbox 570 1956 641 2016; x_wconf 89' lang='lat' dir='ltr'>Ioue</span> <span class='ocrx_word' id='word_1_126' title='bbox 668 1958 798 2033; x_wconf 84' lang='lat' dir='ltr'>colloqui</span> <span class='ocrx_word' id='word_1_127' title='bbox 825 1960 855 2016; x_wconf 88' lang='lat' dir='ltr'>et</span> <span class='ocrx_word' id='word_1_128' title='bbox 882 1977 918 2016; x_wconf 85' lang='lat' dir='ltr'>ex</span> <span class='ocrx_word' id='word_1_129' title='bbox 940 1957 1063 2016; x_wconf 90' lang='lat' dir='ltr'>consilio</span> <span class='ocrx_word' id='word_1_130' title='bbox 1087 1957 1150 2015; x_wconf 88' lang='lat' dir='ltr'>eius</span> 
     </span>
     <span class='ocr_line' id='line_1_19' title="bbox 139 2038 1149 2127; baseline -0.004 -21"><span class='ocrx_word' id='word_1_131' title='bbox 139 2051 245 2106; x_wconf 85' lang='lat' dir='ltr'>cuncta</span> <span class='ocrx_word' id='word_1_132' title='bbox 269 2067 355 2124; x_wconf 83' lang='lat' dir='ltr'>agere</span> <span class='ocrx_word' id='word_1_133' title='bbox 378 2039 427 2127; x_wconf 77' lang='lat' dir='ltr'>(ca</span> <span class='ocrx_word' id='word_1_134' title='bbox 445 2038 578 2126; x_wconf 56' lang='lat' dir='ltr'>Porcii),</span> <span class='ocrx_word' id='word_1_135' title='bbox 610 2049 662 2105; x_wconf 86' lang='lat' dir='ltr'>aut</span> <span class='ocrx_word' id='word_1_136' title='bbox 684 2046 764 2106; x_wconf 92' lang='lat' dir='ltr'>Iouis</span> <span class='ocrx_word' id='word_1_137' title='bbox 788 2047 903 2105; x_wconf 88' lang='lat' dir='ltr'>arcanis</span> <span class='ocrx_word' id='word_1_138' title='bbox 928 2039 1107 2120; x_wconf 82' lang='lat' dir='ltr'>‘Plutonis&#39;,</span> <span class='ocrx_word' id='word_1_139' title='bbox 1131 2063 1149 2102; x_wconf 93' lang='lat' dir='ltr'>a</span> 
     </span>
     <span class='ocr_line' id='line_1_20' title="bbox 139 2135 1150 2212; baseline -0.001 -19"><span class='ocrx_word' id='word_1_140' title='bbox 139 2155 198 2212; x_wconf 91' lang='lat' dir='ltr'>quo</span> <span class='ocrx_word' id='word_1_141' title='bbox 229 2138 385 2195; x_wconf 86' lang='lat' dir='ltr'>institutus</span> <span class='ocrx_word' id='word_1_142' title='bbox 417 2139 462 2195; x_wconf 88' lang='lat' dir='ltr'>est</span> <span class='ocrx_word' id='word_1_143' title='bbox 493 2135 580 2193; x_wconf 83' lang='lat' dir='ltr'>iudex</span> <span class='ocrx_word' id='word_1_144' title='bbox 612 2154 666 2212; x_wconf 92' lang='lat' dir='ltr'>pro</span> <span class='ocrx_word' id='word_1_145' title='bbox 697 2135 900 2194; x_wconf 80' lang='lat' dir='ltr'>recordatione</span> <span class='ocrx_word' id='word_1_146' title='bbox 933 2135 1079 2207; x_wconf 85' lang='lat' dir='ltr'>iustitiae,</span> <span class='ocrx_word' id='word_1_147' title='bbox 1116 2137 1150 2192; x_wconf 92' lang='lat' dir='ltr'>ut</span> 
     </span>
    </p>
   </div>
   <div class='ocr_carea' id='block_1_9' title="bbox 85 2217 505 2306">
    <p class='ocr_par' dir='ltr' id='par_1_9' title="bbox 85 2217 505 2306">
     <span class='ocr_line' id='line_1_21' title="bbox 85 2217 505 2306; baseline 0 -25"><span class='ocrx_word' id='word_1_148' title='bbox 85 2234 121 2281; x_wconf 78' lang='lat'>20</span> <span class='ocrx_word' id='word_1_149' title='bbox 140 2217 243 2306; x_wconf 80' lang='lat' dir='ltr'>(Verp.</span> <span class='ocrx_word' id='word_1_150' title='bbox 262 2224 335 2284; x_wconf 76' lang='lat' dir='ltr'>Ace.</span> <span class='ocrx_word' id='word_1_151' title='bbox 350 2225 394 2282; x_wconf 89' lang='lat' dir='ltr'>VI</span> <span class='ocrx_word' id='word_1_152' title='bbox 413 2217 505 2305; x_wconf 79' lang='lat'>432):</span> 
     </span>
    </p>
   </div>
   <div class='ocr_carea' id='block_1_10' title="bbox 299 2339 960 2427">
    <p class='ocr_par' dir='ltr' id='par_1_10' title="bbox 299 2339 960 2427">
     <span class='ocr_line' id='line_1_22' title="bbox 299 2339 960 2427; baseline -0.003 -21"><span class='ocrx_word' id='word_1_153' title='bbox 299 2347 455 2418; x_wconf 83' lang='lat' dir='ltr'>Quaesitor</span> <span class='ocrx_word' id='word_1_154' title='bbox 476 2349 572 2408; x_wconf 87' lang='lat' dir='ltr'>Minos</span> <span class='ocrx_word' id='word_1_155' title='bbox 596 2367 702 2407; x_wconf 89' lang='lat' dir='ltr'>urnam</span> <span class='ocrx_word' id='word_1_156' title='bbox 724 2351 825 2406; x_wconf 89' lang='lat' dir='ltr'>mouet</span> <span class='ocrx_word' id='word_1_157' title='bbox 849 2339 926 2427; x_wconf 87' lang='grc' dir='ltr'>(ΑΓ</span> <span class='ocrx_word' id='word_1_158' title='bbox 933 2346 960 2405; x_wconf 88' lang='lat' dir='ltr'><em>V</em></span> 
     </span>
    </p>
   </div>
   <div class='ocr_carea' id='block_1_11' title="bbox 230 2483 1148 2566">
    <p class='ocr_par' dir='ltr' id='par_1_11' title="bbox 230 2483 1148 2566">
     <span class='ocr_line' id='line_1_23' title="bbox 230 2483 1148 2566; baseline -0.007 -16"><span class='ocrx_word' id='word_1_159' title='bbox 230 2483 286 2551; x_wconf 87' lang='lat'>10.</span> <span class='ocrx_word' id='word_1_160' title='bbox 319 2509 502 2557; x_wconf 68' lang='lat' dir='ltr'>manuuovn</span> <span class='ocrx_word' id='word_1_161' title='bbox 526 2507 668 2548; x_wconf 73' lang='lat' dir='ltr'>saaraim</span> <span class='ocrx_word' id='word_1_162' title='bbox 691 2483 905 2566; x_wconf 75' lang='lat' dir='ltr'>rauunoman]</span> <span class='ocrx_word' id='word_1_163' title='bbox 951 2487 1148 2547; x_wconf 85' lang='lat' dir='ltr'>Panthoidem</span> 
     </span>
    </p>
   </div>
   <div class='ocr_carea' id='block_1_12' title="bbox 138 2709 1150 3638">
    <p class='ocr_par' dir='ltr' id='par_1_12' title="bbox 138 2709 1150 3638">
     <span class='ocr_line' id='line_1_24' title="bbox 228 2709 1149 2768; baseline -0.004 -3"><span class='ocrx_word' id='word_1_164' title='bbox 228 2718 241 2765; x_wconf 93' lang='lat'>1</span> <span class='ocrx_word' id='word_1_165' title='bbox 262 2714 359 2767; x_wconf 89' lang='lat' dir='ltr'>archta</span> <span class='ocrx_word' id='word_1_166' title='bbox 379 2715 406 2768; x_wconf 87' lang='lat' dir='ltr'><strong><em>V</em></strong></span> <span class='ocrx_word' id='word_1_167' title='bbox 420 2713 529 2767; x_wconf 88' lang='lat' dir='ltr'>archita</span> <span class='ocrx_word' id='word_1_168' title='bbox 547 2718 604 2766; x_wconf 85' lang='lat' dir='ltr'>cett.</span> <span class='ocrx_word' id='word_1_169' title='bbox 686 2716 701 2763; x_wconf 79' lang='lat'><strong>2</strong></span> <span class='ocrx_word' id='word_1_170' title='bbox 722 2710 844 2764; x_wconf 90' lang='lat' dir='ltr'>calabrie</span> <span class='ocrx_word' id='word_1_171' title='bbox 864 2712 891 2764; x_wconf 79' lang='grc' dir='ltr'><strong><em>Α</em></strong></span> <span class='ocrx_word' id='word_1_172' title='bbox 972 2715 988 2762; x_wconf 87' lang='grc'>4</span> <span class='ocrx_word' id='word_1_173' title='bbox 1008 2709 1149 2762; x_wconf 90' lang='lat' dir='ltr'>condicio-</span> 
     </span>
     <span class='ocr_line' id='line_1_25' title="bbox 138 2780 1149 2905; baseline -0.003 -69"><span class='ocrx_word' id='word_1_174' title='bbox 138 2800 202 2837; x_wconf 90' lang='lat' dir='ltr'>nem</span> <span class='ocrx_word' id='word_1_175' title='bbox 222 2787 248 2838; x_wconf 91' lang='lat' dir='ltr'><em>V</em></span> <span class='ocrx_word' id='word_1_176' title='bbox 341 2784 475 2853; x_wconf 79' lang='lat' dir='ltr'>physicae</span> <span class='ocrx_word' id='word_1_177' title='bbox 489 2784 530 2905; x_wconf 56' lang='lat' dir='ltr'>pp</span> <span class='ocrx_word' id='word_1_178' title='bbox 542 2781 668 2851; x_wconf 88' lang='lat' dir='ltr'>phisicae</span> <span class='ocrx_word' id='word_1_179' title='bbox 689 2786 714 2834; x_wconf 87' lang='grc' dir='ltr'>Γ</span> <span class='ocrx_word' id='word_1_180' title='bbox 743 2781 818 2853; x_wconf 78' lang='lat' dir='ltr'>fisicp</span> <span class='ocrx_word' id='word_1_181' title='bbox 839 2782 865 2834; x_wconf 88' lang='lat' dir='ltr'><em>V</em></span> <span class='ocrx_word' id='word_1_182' title='bbox 892 2780 968 2833; x_wconf 87' lang='lat' dir='ltr'>fisice</span> <span class='ocrx_word' id='word_1_183' title='bbox 988 2783 1035 2836; x_wconf 84' lang='lat' dir='ltr'>Ac</span> <span class='ocrx_word' id='word_1_184' title='bbox 1076 2784 1149 2849; x_wconf 91' lang='lat' dir='ltr'>(per-</span> 
     </span>
     <span class='ocr_line' id='line_1_26' title="bbox 139 2852 1148 2924; baseline -0.004 -16"><span class='ocrx_word' id='word_1_185' title='bbox 139 2856 219 2908; x_wconf 88' lang='lat' dir='ltr'>ficere</span> <span class='ocrx_word' id='word_1_186' title='bbox 238 2858 266 2924; x_wconf 86' lang='grc' dir='ltr'>α)</span> <span class='ocrx_word' id='word_1_187' title='bbox 357 2861 372 2908; x_wconf 88' lang='grc'>8</span> <span class='ocrx_word' id='word_1_188' title='bbox 393 2855 418 2907; x_wconf 87' lang='lat' dir='ltr'>·i·</span> <span class='ocrx_word' id='word_1_189' title='bbox 438 2857 519 2908; x_wconf 82' lang='lat' dir='ltr'>tanta</span> <span class='ocrx_word' id='word_1_190' title='bbox 530 2871 563 2906; x_wconf 90' lang='lat' dir='ltr'>us</span> <span class='ocrx_word' id='word_1_191' title='bbox 582 2874 600 2906; x_wconf 83' lang='grc' dir='ltr'>α</span> <span class='ocrx_word' id='word_1_192' title='bbox 678 2858 693 2904; x_wconf 86' lang='grc'><strong>9</strong></span> <span class='ocrx_word' id='word_1_193' title='bbox 712 2855 793 2920; x_wconf 86' lang='lat' dir='ltr'>pater</span> <span class='ocrx_word' id='word_1_194' title='bbox 811 2852 932 2906; x_wconf 88' lang='lat' dir='ltr'>conuiua</span> <span class='ocrx_word' id='word_1_195' title='bbox 951 2852 1065 2904; x_wconf 89' lang='lat' dir='ltr'>deorum</span> <span class='ocrx_word' id='word_1_196' title='bbox 1084 2853 1148 2919; x_wconf 80' lang='lat' dir='ltr'>fuit,</span> 
     </span>
     <span class='ocr_line' id='line_1_27' title="bbox 139 2922 1149 2995; baseline -0.004 -15"><span class='ocrx_word' id='word_1_197' title='bbox 139 2944 256 2995; x_wconf 90' lang='lat' dir='ltr'>quorum</span> <span class='ocrx_word' id='word_1_198' title='bbox 287 2926 384 2979; x_wconf 90' lang='lat' dir='ltr'>uolens</span> <span class='ocrx_word' id='word_1_199' title='bbox 415 2928 554 2994; x_wconf 86' lang='lat' dir='ltr'>temptare</span> <span class='ocrx_word' id='word_1_200' title='bbox 587 2923 767 2978; x_wconf 87' lang='lat' dir='ltr'>diuinitatem</span> <span class='ocrx_word' id='word_1_201' title='bbox 794 2923 924 2978; x_wconf 84' lang='lat' dir='ltr'>inuitatis</span> <span class='ocrx_word' id='word_1_202' title='bbox 951 2922 1040 2978; x_wconf 89' lang='lat' dir='ltr'>filium</span> <span class='ocrx_word' id='word_1_203' title='bbox 1068 2941 1149 2976; x_wconf 88' lang='lat' dir='ltr'>suum</span> 
     </span>
     <span class='ocr_line' id='line_1_28' title="bbox 140 2995 1148 3065; baseline -0.002 -15"><span class='ocrx_word' id='word_1_204' title='bbox 140 2997 310 3065; x_wconf 88' lang='lat' dir='ltr'>epulandum</span> <span class='ocrx_word' id='word_1_205' title='bbox 339 2996 483 3064; x_wconf 82' lang='lat' dir='ltr'>apposuit3</span> <span class='ocrx_word' id='word_1_206' title='bbox 511 3012 529 3049; x_wconf 87' lang='lat' dir='ltr'>a</span> <span class='ocrx_word' id='word_1_207' title='bbox 552 3013 606 3064; x_wconf 93' lang='lat' dir='ltr'>quo</span> <span class='ocrx_word' id='word_1_208' title='bbox 630 3011 725 3048; x_wconf 92' lang='lat' dir='ltr'>omnes</span> <span class='ocrx_word' id='word_1_209' title='bbox 750 2995 790 3047; x_wconf 92' lang='lat' dir='ltr'>dii</span> <span class='ocrx_word' id='word_1_210' title='bbox 814 2995 1010 3049; x_wconf 87' lang='lat' dir='ltr'>abstinuerunt</span> <span class='ocrx_word' id='word_1_211' title='bbox 1033 2999 1148 3063; x_wconf 84' lang='lat' dir='ltr'>excepto</span> 
     </span>
     <span class='ocr_line' id='line_1_29' title="bbox 140 3066 1149 3136; baseline -0.004 -14"><span class='ocrx_word' id='word_1_212' title='bbox 140 3085 240 3135; x_wconf 86' lang='lat' dir='ltr'>cerere,</span> <span class='ocrx_word' id='word_1_213' title='bbox 259 3083 332 3136; x_wconf 89' lang='lat' dir='ltr'>quae</span> <span class='ocrx_word' id='word_1_214' title='bbox 350 3067 513 3120; x_wconf 87' lang='lat' dir='ltr'>bracchium</span> <span class='ocrx_word' id='word_1_215' title='bbox 532 3067 591 3120; x_wconf 87' lang='lat' dir='ltr'>eius</span> <span class='ocrx_word' id='word_1_216' title='bbox 611 3066 790 3133; x_wconf 85' lang='lat' dir='ltr'>consumpsit.</span> <span class='ocrx_word' id='word_1_217' title='bbox 827 3068 926 3134; x_wconf 88' lang='lat' dir='ltr'>postea</span> <span class='ocrx_word' id='word_1_218' title='bbox 945 3066 985 3117; x_wconf 90' lang='lat' dir='ltr'>dii</span> <span class='ocrx_word' id='word_1_219' title='bbox 1005 3082 1068 3118; x_wconf 91' lang='lat' dir='ltr'>cum</span> <span class='ocrx_word' id='word_1_220' title='bbox 1086 3069 1149 3120; x_wconf 88' lang='lat' dir='ltr'>tan-</span> 
     </span>
     <span class='ocr_line' id='line_1_30' title="bbox 139 3137 1149 3207; baseline -0.004 -14"><span class='ocrx_word' id='word_1_221' title='bbox 139 3140 197 3194; x_wconf 90' lang='lat' dir='ltr'>talo</span> <span class='ocrx_word' id='word_1_222' title='bbox 221 3141 335 3207; x_wconf 82' lang='lat' dir='ltr'>petente</span> <span class='ocrx_word' id='word_1_223' title='bbox 357 3137 513 3192; x_wconf 84' lang='lat' dir='ltr'>uoluissent</span> <span class='ocrx_word' id='word_1_224' title='bbox 537 3137 596 3191; x_wconf 86' lang='lat' dir='ltr'>eius</span> <span class='ocrx_word' id='word_1_225' title='bbox 619 3137 708 3191; x_wconf 90' lang='lat' dir='ltr'>filium</span> <span class='ocrx_word' id='word_1_226' title='bbox 730 3153 861 3191; x_wconf 85' lang='lat' dir='ltr'>reuocare</span> <span class='ocrx_word' id='word_1_227' title='bbox 885 3137 920 3190; x_wconf 88' lang='lat' dir='ltr'>ab</span> <span class='ocrx_word' id='word_1_228' title='bbox 938 3137 1049 3204; x_wconf 87' lang='lat' dir='ltr'>inferis,</span> <span class='ocrx_word' id='word_1_229' title='bbox 1074 3154 1149 3191; x_wconf 86' lang='lat' dir='ltr'>ceres</span> 
     </span>
     <span class='ocr_line' id='line_1_31' title="bbox 140 3208 1150 3277; baseline -0.001 -14"><span class='ocrx_word' id='word_1_230' title='bbox 140 3211 165 3263; x_wconf 91' lang='lat' dir='ltr'>ei</span> <span class='ocrx_word' id='word_1_231' title='bbox 184 3210 336 3264; x_wconf 86' lang='lat' dir='ltr'>eburneum</span> <span class='ocrx_word' id='word_1_232' title='bbox 354 3209 493 3274; x_wconf 87' lang='lat' dir='ltr'>restituit,</span> <span class='ocrx_word' id='word_1_233' title='bbox 518 3209 592 3277; x_wconf 89' lang='lat' dir='ltr'>quod</span> <span class='ocrx_word' id='word_1_234' title='bbox 611 3208 675 3262; x_wconf 90' lang='lat' dir='ltr'>ideo</span> <span class='ocrx_word' id='word_1_235' title='bbox 694 3208 821 3277; x_wconf 83' lang='lat' dir='ltr'>fingitur,</span> <span class='ocrx_word' id='word_1_236' title='bbox 846 3209 913 3277; x_wconf 85' lang='lat' dir='ltr'>quia</span> <span class='ocrx_word' id='word_1_237' title='bbox 932 3224 1007 3261; x_wconf 88' lang='lat' dir='ltr'>ceres</span> <span class='ocrx_word' id='word_1_238' title='bbox 1026 3209 1089 3276; x_wconf 91' lang='lat' dir='ltr'>ipsa</span> <span class='ocrx_word' id='word_1_239' title='bbox 1108 3211 1150 3262; x_wconf 85' lang='lat' dir='ltr'>est</span> 
     </span>
     <span class='ocr_line' id='line_1_32' title="bbox 139 3280 1149 3350; baseline -0.001 -16"><span class='ocrx_word' id='word_1_240' title='bbox 139 3286 222 3347; x_wconf 81' lang='lat' dir='ltr'>terra,</span> <span class='ocrx_word' id='word_1_241' title='bbox 244 3297 316 3350; x_wconf 89' lang='lat' dir='ltr'>quae</span> <span class='ocrx_word' id='word_1_242' title='bbox 336 3296 452 3348; x_wconf 88' lang='lat' dir='ltr'>corpora</span> <span class='ocrx_word' id='word_1_243' title='bbox 470 3280 601 3333; x_wconf 88' lang='lat' dir='ltr'>uniuersa</span> <span class='ocrx_word' id='word_1_244' title='bbox 620 3280 767 3346; x_wconf 83' lang='lat' dir='ltr'>consumit,</span> <span class='ocrx_word' id='word_1_245' title='bbox 786 3296 849 3333; x_wconf 86' lang='lat' dir='ltr'>ossa</span> <span class='ocrx_word' id='word_1_246' title='bbox 867 3281 978 3333; x_wconf 90' lang='lat' dir='ltr'>tantum</span> <span class='ocrx_word' id='word_1_247' title='bbox 995 3295 1149 3333; x_wconf 86' lang='lat' dir='ltr'>resemans.</span> 
     </span>
     <span class='ocr_line' id='line_1_33' title="bbox 139 3351 1150 3421; baseline -0.002 -15"><span class='ocrx_word' id='word_1_248' title='bbox 139 3353 264 3406; x_wconf 86' lang='lat' dir='ltr'>tantalus</span> <span class='ocrx_word' id='word_1_249' title='bbox 283 3368 350 3405; x_wconf 90' lang='lat' dir='ltr'>uero</span> <span class='ocrx_word' id='word_1_250' title='bbox 369 3368 419 3420; x_wconf 88' lang='lat' dir='ltr'>pro</span> <span class='ocrx_word' id='word_1_251' title='bbox 438 3351 556 3407; x_wconf 83' lang='lat' dir='ltr'>funestis</span> <span class='ocrx_word' id='word_1_252' title='bbox 573 3394 578 3404; x_wconf 93' lang='lat'><strong><em>.</em></strong></span> <span class='ocrx_word' id='word_1_253' title='bbox 595 3395 600 3404; x_wconf 91' lang='lat'>.</span> <span class='ocrx_word' id='word_1_254' title='bbox 617 3370 653 3406; x_wconf 75' lang='grc' dir='ltr'>,ν</span> <span class='ocrx_word' id='word_1_255' title='bbox 731 3351 851 3405; x_wconf 90' lang='lat' dir='ltr'>conuiua</span> <span class='ocrx_word' id='word_1_256' title='bbox 869 3352 919 3404; x_wconf 82' lang='lat' dir='ltr'>Au</span> <span class='ocrx_word' id='word_1_257' title='bbox 927 3352 964 3421; x_wconf 89' lang='lat' dir='ltr'>V]</span> <span class='ocrx_word' id='word_1_258' title='bbox 984 3351 1115 3404; x_wconf 91' lang='lat' dir='ltr'>conuiuia</span> <span class='ocrx_word' id='word_1_259' title='bbox 1134 3372 1150 3419; x_wconf 76' lang='grc' dir='ltr'><em>γ</em></span> 
     </span>
     <span class='ocr_line' id='line_1_34' title="bbox 140 3422 1150 3494; baseline -0.001 -17"><span class='ocrx_word' id='word_1_260' title='bbox 140 3430 203 3477; x_wconf 77' lang='lat' dir='ltr'>anic</span> <span class='ocrx_word' id='word_1_261' title='bbox 221 3441 275 3480; x_wconf 79' lang='lat' dir='ltr'>raa.</span> <span class='ocrx_word' id='word_1_262' title='bbox 287 3441 317 3492; x_wconf 80' lang='lat' dir='ltr'>p,</span> <span class='ocrx_word' id='word_1_263' title='bbox 333 3441 355 3491; x_wconf 80' lang='lat' dir='ltr'>p</span> <span class='ocrx_word' id='word_1_264' title='bbox 370 3423 433 3477; x_wconf 80' lang='lat' dir='ltr'>add.</span> <span class='ocrx_word' id='word_1_265' title='bbox 453 3422 609 3477; x_wconf 82' lang='lat' dir='ltr'>maculauit</span> <span class='ocrx_word' id='word_1_266' title='bbox 682 3427 715 3476; x_wconf 91' lang='lat'>10</span> <span class='ocrx_word' id='word_1_267' title='bbox 729 3438 803 3494; x_wconf 72' lang='lat' dir='ltr'>pena</span> <span class='ocrx_word' id='word_1_268' title='bbox 817 3424 844 3476; x_wconf 83' lang='lat' dir='ltr'><strong><em>A</em></strong></span> <span class='ocrx_word' id='word_1_269' title='bbox 918 3422 1087 3475; x_wconf 80' lang='lat' dir='ltr'>utiterum</span> <span class='ocrx_word' id='word_1_270' title='bbox 1102 3424 1150 3491; x_wconf 81' lang='lat' dir='ltr'>Ay</span> 
     </span>
     <span class='ocr_line' id='line_1_35' title="bbox 138 3492 1114 3563; baseline 0.003 -16"><span class='ocrx_word' id='word_1_271' title='bbox 138 3493 240 3548; x_wconf 85' lang='lat' dir='ltr'>tithon&#39;</span> <span class='ocrx_word' id='word_1_272' title='bbox 255 3517 283 3562; x_wconf 81' lang='lat' dir='ltr'>c,</span> <span class='ocrx_word' id='word_1_273' title='bbox 301 3501 369 3551; x_wconf 80' lang='lat' dir='ltr'>recte</span> <span class='ocrx_word' id='word_1_274' title='bbox 387 3495 456 3548; x_wconf 82' lang='lat' dir='ltr'>roV</span> <span class='ocrx_word' id='word_1_275' title='bbox 560 3499 592 3547; x_wconf 81' lang='lat'>13</span> <span class='ocrx_word' id='word_1_276' title='bbox 611 3493 687 3563; x_wconf 84' lang='lat' dir='ltr'>uirg:</span> <span class='ocrx_word' id='word_1_277' title='bbox 706 3494 782 3548; x_wconf 85' lang='lat' dir='ltr'>codd.</span> <span class='ocrx_word' id='word_1_278' title='bbox 892 3499 924 3546; x_wconf 80' lang='lat'>15</span> <span class='ocrx_word' id='word_1_279' title='bbox 943 3492 1047 3547; x_wconf 88' lang='lat' dir='ltr'>titonia</span> <span class='ocrx_word' id='word_1_280' title='bbox 1065 3495 1114 3561; x_wconf 66' lang='lat' dir='ltr'>Ay</span> 
     </span>
     <span class='ocr_line' id='line_1_36' title="bbox 141 3564 833 3638; baseline 0 -19"><span class='ocrx_word' id='word_1_281' title='bbox 141 3570 173 3619; x_wconf 85' lang='grc'>16</span> <span class='ocrx_word' id='word_1_282' title='bbox 193 3583 248 3634; x_wconf 89' lang='lat' dir='ltr'>qua</span> <span class='ocrx_word' id='word_1_283' title='bbox 266 3567 305 3638; x_wconf 88' lang='lat' dir='ltr'>A]</span> <span class='ocrx_word' id='word_1_284' title='bbox 325 3565 393 3635; x_wconf 88' lang='lat' dir='ltr'>quia</span> <span class='ocrx_word' id='word_1_285' title='bbox 406 3571 463 3619; x_wconf 84' lang='lat' dir='ltr'>cett.</span> <span class='ocrx_word' id='word_1_286' title='bbox 538 3570 570 3618; x_wconf 87' lang='lat'>18</span> <span class='ocrx_word' id='word_1_287' title='bbox 591 3566 662 3636; x_wconf 67' lang='lat' dir='ltr'>arm]</span> <span class='ocrx_word' id='word_1_288' title='bbox 678 3564 755 3618; x_wconf 89' lang='lat' dir='ltr'>arch:</span> <span class='ocrx_word' id='word_1_289' title='bbox 775 3565 833 3619; x_wconf 83' lang='lat' dir='ltr'>PV</span> 
     </span>
    </p>
   </div>
   <div class='ocr_carea' id='block_1_13' title="bbox 0 0 1250 3840">
    <p class='ocr_par' dir='ltr' id='par_1_13' title="bbox 0 0 1250 3840">
     <span class='ocr_line' id='line_1_37' title="bbox 0 0 1250 3840; baseline 0 0"><span class='ocrx_word' id='word_1_290' title='bbox 0 0 1250 3840; x_wconf 95' lang='lat' dir='ltr'> </span> 
     </span>
    </p>
   </div>
  </div>
 </body>
</html>
